2917 4709
214 216 278 287 udo
319 217 391 285 Lib.
408 217 467 289 Vl.
484 219 592 288 Tract·
609 219 653 290 V.
668 220 717 288 De
726 221 1012 313 exacue-Una„
1027 240 1058 293 et
1067 222 1204 293 Ordine.

214 332 230 427 (
241 328 362 428 qubad
380 332 646 427 substantiam)
666 329 833 409 omniinm
849 340 1187 428 sacramentorum
1212 354 1290 409 non

215 430 310 501 enirn
326 430 543 519 habeturlut
555 430 644 504 dicit
655 433 822 527 praefatus
833 439 931 536 Papa
943 435 1184 511 BeneXmV.
1200 453 1286 508 tom.

151 542 156 557 ¹
216 554 250 600 c.
268 555 304 627 p.
324 529 394 600 253
403 550 416 619 l
432 530 529 603 uude
547 529 766 616 sufficienter
790 536 987 629 probetur,
1003 537 1104 636 quod
1122 535 1289 607 Christus

216 625 311 699 hanc
329 643 540 725 potestatem
560 628 604 699 ab
623 629 831 705 adversariis
855 637 1080 734 suppositam
1099 633 1291 706 tradiderit

111 800 116 811 ,
215 724 411 816 Ecclesire3
433 726 507 803 imis
530 730 741 827 oppositum
764 734 886 829 potius
900 733 1040 805 eruitur
1056 760 1098 805 ex
1122 729 1289 805 Trideut.

217 849 301 895 sess.
330 851 369 895 21
395 853 425 896 c.
447 852 467 896 2
489 825 553 899 ubi
579 826 741 919 dicitur,
760 831 962 904 Ecclesiam
990 831 1132 904 trullam
1156 827 1292 901 habere

216 925 1294 1026 potestatemeircaSacramentarumsubstantiam(edquam
1362 990 1365 1003 ,

217 1018 314 1092 certe
334 1023 515 1117 pertinent
528 1027 684 1099 materioe
701 1042 737 1098 et
753 1027 901 1117 lormae)
924 1086 933 1119 ,
955 1028 1022 1101 sed
1038 1029 1181 1100 tantiam
1194 1027 1294 1099 circi

218 1142 347 1192 eorum
363 1120 681 1219 dispensationem.
700 1126 776 1198 Nec
794 1127 935 1209 obstat,
952 1127 1054 1227 quod
1071 1129 1209 1221 Eugen.
1226 1122 1293 1196 IV.

216 1229 260 1289 ut
273 1244 313 1289 su
322 1224 396 1311 pra,
413 1221 645 1317 assignaverit
656 1250 724 1322 pro
736 1227 881 1298 materia
891 1226 1163 1326 Presbyteratira
1178 1221 1294 1294 tradi⁴

166 1340 169 1345 ·
217 1317 355 1387 tionem
378 1318 705 1394 instrumentorum
721 1351 807 1397 cum
825 1325 960 1408 forma,
984 1325 1115 1415 Accipe
1133 1337 1295 1417 poteste-

215 1426 285 1485 tem
297 1432 359 1485 ete.
372 1413 406 1486 N
409 1442 465 1486 am
479 1423 659 1507 sapienter
668 1421 864 1520 respondet
875 1423 973 1496 idem
985 1423 1084 1523 Papa
1095 1425 1183 1495 Ben.
1192 1417 1295 1492 XlV.

171 1570 177 1578 .
217 1524 242 1582 t.
255 1537 285 1583 c.
300 1538 333 1632 p.
347 1513 409 1586 251
426 1516 671 1608 comlllloriuo,
682 1522 834 1605 Recens,
847 1523 1075 1605 etMenardo,
1086 1520 1295 1615 Eugenium
1326 1550 1331 1561 ·

217 1623 361 1689 tantum
386 1612 444 1694 ibi,
462 1614 626 1687 locutum
656 1618 763 1691 luisse
781 1619 827 1692 de
847 1623 995 1694 materia
1011 1635 1048 1693 et
1063 1621 1185 1692 forma
1201 1619 1295 1686 inte-

70 1805 78 1820 ·
177 1750 182 1767 π
216 1707 329 1804 grali,
352 1735 463 1808 quam
482 1713 635 1786 intendit
661 1719 801 1790 tradere
824 1721 1008 1803 Armenia,
1031 1720 1094 1817 qui
1118 1712 1296 1815 optabant·

218 1809 400 1902 aggregari
418 1810 590 1883 Ecclesiae
609 1815 767 1906 Latinae,
791 1833 826 1890 ct
849 1816 932 1891 idei)
950 1844 1025 1891 non
1044 1816 1113 1888 init
1132 1839 1225 1911 opus
1243 1813 1295 1884 eis

164 1950 171 1964 ·
218 1908 399 2001 assignare
410 1907 679 2007 impositionem
691 1941 886 1998 manuum,
905 1941 991 1988 cum
1005 1915 1059 1988 illi
1073 1918 1170 2015 iuxta
1184 1912 1298 1983 ritum

219 2003 449 2088 Graecorum,
471 2032 544 2102 quo
563 2010 662 2108 pribs
683 2011 968 2105 ordinabantur,
991 2010 1064 2114 jain
1086 2038 1166 2085 eam
1186 2008 1297 2080 adbit-

218 2096 880 2207 bebaut.UndddioimusAEugenium
893 2139 966 2184 uon
977 2112 1129 2212 quidem
1141 2112 1296 2181 mutasse

218 2199 454 2272 materiamet
467 2201 622 2279 formam
631 2206 742 2307 liujus
752 2208 1068 2300 sacramenti,sed
1079 2206 1218 2281 tantiam
1231 2206 1298 2278 im·

215 2297 392 2393 ‚positioni
409 2324 586 2374 manuum
603 2306 899 2403 superaddidisse
912 2310 1147 2380 traditionem
1162 2308 1299 2379 instro·

219 2410 430 2469 mentorum
445 2452 453 2482 ,
470 2406 810 2502 tamqubm‘partem
825 2406 1057 2503 integralem,
1072 2421 1112 2478 ut
1124 2404 1298 2477 diximus.

271 2494 341 2566 Sed
367 2498 464 2592 juxta
488 2496 585 2570 banc
617 2504 762 2574 tertiam
788 2506 1030 2589 sententiam,
1057 2531 1141 2604 quae
1166 2528 1209 2574 ex
1232 2502 1298 2574 iu-

219 2593 385 2665 trinsecis
411 2593 655 2671 fundamentis
672 2603 919 2701 (speculative
938 2619 1057 2677 tamen
1080 2598 1299 2703 loquendo)

219 2687 447 2785 probabilior
471 2695 562 2769 mihi
586 2696 747 2786 videtur,
778 2700 987 2802 disorepaut
1014 2702 1155 2802 praefati
1183 2700 1297 2819 hujus

218 2789 406 2862 sententiae
420 2806 586 2867 auctores
599 2800 637 2869 iu
646 2800 861 2898 assignanda
874 2801 990 2874 forma
1003 2800 1297 2900 Presbyterum,

209 2885 279 2969 ⁴alii
294 2890 410 2971 enim,
424 2905 463 2961 ut
474 2891 735 2970 Petrocorensrs
748 2901 829 2996 (cui
841 2903 880 2973 in
892 2916 991 2999 parte
1002 2900 1182 2972 consentit
1193 2899 1298 2993 Lugo

219 2985 266 3056 de
280 2988 501 3065 sacrament.
517 2991 613 3064 Dub.
635 3020 655 3065 2
673 3018 710 3069 n.
728 3022 777 3096 99
786 3016 819 3088 l,
838 2999 983 3089 dicunt,
998 3024 1074 3072 esse
1087 2997 1193 3069 rerba
1210 3017 1297 3094 quae

217 3083 460 3180 proferuntur
474 3089 717 3166 inu-aditione
734 3096 858 3171 caliois
870 3112 905 3170 et
914 3115 1052 3197 patenae
1065 3125 1074 3166 ε
1086 3096 1215 3188 Arcz'pe
1224 3118 1299 3186 po·

216 3193 378 3251 testatem
392 3239 401 3272 ,
419 3201 484 3256 etc.
504 3190 586 3285 quia
600 3192 661 3279 (ut
674 3194 802 3271 aiuntl
818 3211 942 3268 manet
959 3196 1106 3268 moralis
1119 3190 1298 3267 couneirio

193 3276 316 3383 xinter
334 3282 626 3377 impositionem,
647 3304 683 3362 et
705 3290 917 3367 Praediotam
940 3294 1092 3367 formam
1116 3294 1156 3366 in
1181 3287 1300 3362 tradi·

217 3377 318 3448 tione
342 3375 682 3461 instrumentorum.
706 3386 845 3464 Verum
869 3392 1034 3466 Morinos
1055 3407 1091 3466 et
1110 3384 1299 3485 Tournely

217 3472 312 3546 fortia
326 3475 552 3572 probabilius
563 3484 709 3575 dieunt,
725 3488 966 3565 formamesse
977 3495 1199 3565 orationem.
1215 3510 1300 3586 quae

216 3573 257 3645 iu
274 3575 348 3672 ipsa
361 3574 593 3672 impositione
608 3582 743 3659 dicitur
758 3589 803 3659 ab
818 3592 1024 3691 Episcop03
1039 3588 1147 3664 verba
1162 3602 1301 3669 auum,

56 3766 59 3773 ,
142 3747 143 3751 ,
216 3673 348 3763 Accipe
369 3672 530 3769 Spiritum
551 3700 731 3771 sanetum,
751 3703 814 3760 etc.
864 3711 919 3763 ute
937 3688 1110 3763 dicuntur
1131 3689 1169 3759 in
1193 3685 1299 3757 tertia

217 3770 468 3867 impositione,
480 3778 664 3875 inquiunt,
679 3807 755 3856 esse
766 3801 908 3859 tantum
918 3788 1134 3863 declarativa
1144 3844 1153 3876 ,
1164 3797 1200 3858 et
1210 3808 1300 3855 con·

218 3869 394 3943 firmative
415 3874 467 3944 rei
487 3891 641 3969 peracte
657 3936 665 3963 ‚
682 3884 815 3983 nempe
829 3887 984 3985 Spiritirs
1002 3888 1117 3961 salicti
1133 3889 1206 3985 jam
1223 3879 1302 3954 col·

217 3963 286 4038 lati
302 3969 340 4040 in
368 3971 528 4047 secunda
547 3975 790 4075 impositione.
821 3985 905 4058 Dixi
928 4000 1070 4070 antem,
1088 3979 1301 4087 speculativi

210 4061 408 4161 ,loquenda
428 4069 526 4149 hauc
543 4077 760 4157 senteutiam
780 4106 857 4160 esse
880 4084 1187 4186 probabiliorem
1210 4102 1302 4154 nam
