<?xml version="1.0" encoding="UTF-8"?>
<!DOCTYPE html PUBLIC "-//W3C//DTD XHTML 1.0 Transitional//EN"
    "http://www.w3.org/TR/xhtml1/DTD/xhtml1-transitional.dtd">
<html xmlns="http://www.w3.org/1999/xhtml" xml:lang="en" lang="en">
 <head>
  <title>
</title>
<meta http-equiv="Content-Type" content="text/html;charset=utf-8" />
  <meta name='ocr-system' content='tesseract 3.04.00' />
  <meta name='ocr-capabilities' content='ocr_page ocr_carea ocr_par ocr_line ocrx_word'/>
</head>
<body>
  <div class='ocr_page' id='page_1' title='image "./theologiamorali05ligugoog_0087.png"; bbox 0 0 2917 4709; ppageno 0'>
   <div class='ocr_carea' id='block_1_1' title="bbox 82 253 1299 4234">
    <p class='ocr_par' dir='ltr' id='par_1_1' title="bbox 179 253 1168 382">
     <span class='ocr_line' id='line_1_1' title="bbox 179 253 1168 382; baseline -0.01 -20"><span class='ocrx_word' id='word_1_1' title='bbox 179 293 257 382; x_wconf 79' lang='lat' dir='ltr'><strong>Cap.</strong></span> <span class='ocrx_word' id='word_1_2' title='bbox 276 281 320 366; x_wconf 73' lang='lat' dir='ltr'><strong>lb</strong></span> <span class='ocrx_word' id='word_1_3' title='bbox 340 291 428 360; x_wconf 83' lang='lat' dir='ltr'><strong>Dub.</strong></span> <span class='ocrx_word' id='word_1_4' title='bbox 445 289 508 360; x_wconf 79' lang='lat' dir='ltr'><strong>lv.</strong></span> <span class='ocrx_word' id='word_1_5' title='bbox 522 291 571 356; x_wconf 85' lang='lat' dir='ltr'><strong>Dc</strong></span> <span class='ocrx_word' id='word_1_6' title='bbox 585 271 732 359; x_wconf 75' lang='lat' dir='ltr'><strong>Ministro</strong></span> <span class='ocrx_word' id='word_1_7' title='bbox 747 288 843 380; x_wconf 87' lang='lat' dir='ltr'><strong>hujus</strong></span> <span class='ocrx_word' id='word_1_8' title='bbox 856 261 1063 357; x_wconf 64' lang='lat' dir='ltr'><strong>Saclanentl.</strong></span> <span class='ocrx_word' id='word_1_9' title='bbox 1089 253 1095 268; x_wconf 85' lang='lat'>.</span> <span class='ocrx_word' id='word_1_10' title='bbox 1110 287 1168 378; x_wconf 65' lang='grc'><strong>’15</strong></span> 
     </span>
    </p>

    <p class='ocr_par' dir='ltr' id='par_1_2' title="bbox 86 393 1299 1772">
     <span class='ocr_line' id='line_1_2' title="bbox 89 393 1171 570; baseline 0.001 -99"><span class='ocrx_word' id='word_1_11' title='bbox 89 393 257 570; x_wconf 56' lang='grc' dir='ltr'><strong>ιίῐῖηἱῑεῑί</strong></span> <span class='ocrx_word' id='word_1_12' title='bbox 278 402 509 502; x_wconf 74' lang='lat' dir='ltr'><strong>Episcopali,</strong></span> <span class='ocrx_word' id='word_1_13' title='bbox 528 417 565 476; x_wconf 91' lang='lat' dir='ltr'><strong>et</strong></span> <span class='ocrx_word' id='word_1_14' title='bbox 582 400 665 477; x_wconf 83' lang='lat' dir='ltr'><strong>ideb</strong></span> <span class='ocrx_word' id='word_1_15' title='bbox 683 401 778 475; x_wconf 72' lang='lat' dir='ltr'><strong>benis</strong></span> <span class='ocrx_word' id='word_1_16' title='bbox 797 417 915 500; x_wconf 90' lang='lat' dir='ltr'><strong>potest</strong></span> <span class='ocrx_word' id='word_1_17' title='bbox 935 399 1037 473; x_wconf 90' lang='lat' dir='ltr'><strong>alteri</strong></span> <span class='ocrx_word' id='word_1_18' title='bbox 1053 426 1171 494; x_wconf 64' lang='lat' dir='ltr'><strong>gene-1</strong></span> 
     </span>
     <span class='ocr_line' id='line_1_3' title="bbox 88 499 1169 598; baseline 0.005 -27"><span class='ocrx_word' id='word_1_19' title='bbox 88 522 129 571; x_wconf 86' lang='lat' dir='ltr'><strong>ra</strong></span> <span class='ocrx_word' id='word_1_20' title='bbox 147 501 216 572; x_wconf 88' lang='lat' dir='ltr'><strong>iter</strong></span> <span class='ocrx_word' id='word_1_21' title='bbox 230 500 401 598; x_wconf 82' lang='lat' dir='ltr'><strong>delegari.</strong></span> <span class='ocrx_word' id='word_1_22' title='bbox 420 503 515 574; x_wconf 84' lang='lat' dir='ltr'><strong>Hinc</strong></span> <span class='ocrx_word' id='word_1_23' title='bbox 532 501 630 575; x_wconf 68' lang='lat' dir='ltr'><strong>recti</strong></span> <span class='ocrx_word' id='word_1_24' title='bbox 650 501 699 573; x_wconf 92' lang='lat' dir='ltr'><strong>ait</strong></span> <span class='ocrx_word' id='word_1_25' title='bbox 715 502 847 573; x_wconf 84' lang='lat' dir='ltr'><strong>Suucb.</strong></span> <span class='ocrx_word' id='word_1_26' title='bbox 867 499 895 572; x_wconf 88' lang='lat' dir='ltr'><strong>l.</strong></span> <span class='ocrx_word' id='word_1_27' title='bbox 919 505 978 573; x_wconf 90' lang='lat' dir='ltr'><strong>cit.</strong></span> <span class='ocrx_word' id='word_1_28' title='bbox 997 499 1043 571; x_wconf 89' lang='lat' dir='ltr'><strong>de</strong></span> <span class='ocrx_word' id='word_1_29' title='bbox 1061 501 1169 576; x_wconf 84' lang='lat' dir='ltr'><strong>Man.</strong></span> 
     </span>
     <span class='ocr_line' id='line_1_4' title="bbox 88 596 1168 697; baseline -0.001 -29"><span class='ocrx_word' id='word_1_30' title='bbox 88 619 128 669; x_wconf 85' lang='lat' dir='ltr'><strong>u.</strong></span> <span class='ocrx_word' id='word_1_31' title='bbox 158 599 201 672; x_wconf 94' lang='grc'>16</span> <span class='ocrx_word' id='word_1_32' title='bbox 222 624 306 671; x_wconf 88' lang='lat' dir='ltr'><strong>cum</strong></span> <span class='ocrx_word' id='word_1_33' title='bbox 331 598 419 672; x_wconf 79' lang='lat' dir='ltr'><strong>Nar.</strong></span> <span class='ocrx_word' id='word_1_34' title='bbox 443 599 633 672; x_wconf 88' lang='lat' dir='ltr'><strong>Vicarium</strong></span> <span class='ocrx_word' id='word_1_35' title='bbox 654 598 831 697; x_wconf 83' lang='lat' dir='ltr'><strong>Episcopi</strong></span> <span class='ocrx_word' id='word_1_36' title='bbox 854 625 927 671; x_wconf 88' lang='lat' dir='ltr'><strong>non</strong></span> <span class='ocrx_word' id='word_1_37' title='bbox 948 596 1081 669; x_wconf 88' lang='lat' dir='ltr'><strong>habere</strong></span> <span class='ocrx_word' id='word_1_38' title='bbox 1099 622 1168 695; x_wconf 52' lang='lat' dir='ltr'><strong>pos</strong></span> 
     </span>
     <span class='ocr_line' id='line_1_5' title="bbox 89 695 1206 770; baseline 0.001 -5"><span class='ocrx_word' id='word_1_39' title='bbox 89 706 259 767; x_wconf 85' lang='lat' dir='ltr'><strong>testatem</strong></span> <span class='ocrx_word' id='word_1_40' title='bbox 283 695 494 770; x_wconf 82' lang='lat' dir='ltr'><strong>absolvendi</strong></span> <span class='ocrx_word' id='word_1_41' title='bbox 513 698 559 769; x_wconf 94' lang='lat' dir='ltr'><strong>ab</strong></span> <span class='ocrx_word' id='word_1_42' title='bbox 583 698 640 770; x_wconf 90' lang='lat' dir='ltr'><strong>bis</strong></span> <span class='ocrx_word' id='word_1_43' title='bbox 663 697 806 769; x_wconf 80' lang='lat' dir='ltr'>casibus</span> <span class='ocrx_word' id='word_1_44' title='bbox 827 723 871 769; x_wconf 88' lang='lat' dir='ltr'><strong>ex</strong></span> <span class='ocrx_word' id='word_1_45' title='bbox 913 697 1168 767; x_wconf 86' lang='lat' dir='ltr'><strong>eneralicom·</strong></span> <span class='ocrx_word' id='word_1_46' title='bbox 1203 715 1206 720; x_wconf 67' lang='lat'>‘</span> 
     </span>
     <span class='ocr_line' id='line_1_6' title="bbox 87 724 1167 892; baseline 0.001 -28"><span class='ocrx_word' id='word_1_47' title='bbox 87 795 264 865; x_wconf 77' lang='lat' dir='ltr'>missione</span> <span class='ocrx_word' id='word_1_48' title='bbox 286 794 514 884; x_wconf 77' lang='lat' dir='ltr'><strong>vicariatus,</strong></span> <span class='ocrx_word' id='word_1_49' title='bbox 542 797 611 867; x_wconf 90' lang='lat' dir='ltr'><strong>nisi</strong></span> <span class='ocrx_word' id='word_1_50' title='bbox 633 797 839 892; x_wconf 77' lang='lat' dir='ltr'><strong>specialiter</strong></span> <span class='ocrx_word' id='word_1_51' title='bbox 869 724 914 866; x_wconf 75' lang='lat' dir='ltr'><strong>ab</strong></span> <span class='ocrx_word' id='word_1_52' title='bbox 932 795 1115 889; x_wconf 80' lang='lat' dir='ltr'><strong>Episcopo</strong></span> <span class='ocrx_word' id='word_1_53' title='bbox 1133 791 1167 866; x_wconf 86' lang='lat' dir='ltr'><strong>ei</strong></span> 
     </span>
     <span class='ocr_line' id='line_1_7' title="bbox 89 888 1167 994; baseline 0 -32"><span class='ocrx_word' id='word_1_54' title='bbox 89 888 1167 994; x_wconf 75' lang='lat' dir='ltr'><strong>committatur.Hocquoadabsolutionembcasibostqubad</strong></span> 
     </span>
     <span class='ocr_line' id='line_1_8' title="bbox 87 987 1299 1089; baseline 0.005 -29"><span class='ocrx_word' id='word_1_55' title='bbox 87 987 300 1062; x_wconf 82' lang='lat' dir='ltr'><strong>facultatem</strong></span> <span class='ocrx_word' id='word_1_56' title='bbox 321 1007 441 1063; x_wconf 87' lang='lat' dir='ltr'><strong>autem</strong></span> <span class='ocrx_word' id='word_1_57' title='bbox 467 992 703 1089; x_wconf 83' lang='lat' dir='ltr'><strong>dispensandi</strong></span> <span class='ocrx_word' id='word_1_58' title='bbox 726 995 764 1064; x_wconf 92' lang='lat' dir='ltr'><strong>in</strong></span> <span class='ocrx_word' id='word_1_59' title='bbox 785 989 1111 1089; x_wconf 84' lang='lat' dir='ltr'><strong>irregularitaribus</strong></span> <span class='ocrx_word' id='word_1_60' title='bbox 1130 1003 1167 1066; x_wconf 85' lang='lat' dir='ltr'><strong>et</strong></span> <span class='ocrx_word' id='word_1_61' title='bbox 1294 1026 1299 1036; x_wconf 90' lang='lat'><strong>·</strong></span> 
     </span>
     <span class='ocr_line' id='line_1_9' title="bbox 88 1088 1166 1190; baseline -0.001 -31"><span class='ocrx_word' id='word_1_62' title='bbox 88 1088 393 1186; x_wconf 71' lang='lat' dir='ltr'><strong>suspensionibus</strong></span> <span class='ocrx_word' id='word_1_63' title='bbox 415 1091 454 1162; x_wconf 89' lang='lat' dir='ltr'><strong>in</strong></span> <span class='ocrx_word' id='word_1_64' title='bbox 478 1089 608 1162; x_wconf 89' lang='lat' dir='ltr'><strong>eodem</strong></span> <span class='ocrx_word' id='word_1_65' title='bbox 632 1116 709 1189; x_wconf 90' lang='lat' dir='ltr'><strong>cap.</strong></span> <span class='ocrx_word' id='word_1_66' title='bbox 732 1091 925 1190; x_wconf 88' lang='lat' dir='ltr'><strong>Episcopis</strong></span> <span class='ocrx_word' id='word_1_67' title='bbox 944 1089 1166 1187; x_wconf 78' lang='lat' dir='ltr'><strong>impertitam</strong></span> 
     </span>
     <span class='ocr_line' id='line_1_10' title="bbox 89 1183 1165 1262; baseline 0.001 -5"><span class='ocrx_word' id='word_1_68' title='bbox 89 1184 218 1259; x_wconf 79' lang='lat' dir='ltr'><strong>dicunt</strong></span> <span class='ocrx_word' id='word_1_69' title='bbox 235 1186 367 1261; x_wconf 84' lang='lat' dir='ltr'><strong>Saoeh.</strong></span> <span class='ocrx_word' id='word_1_70' title='bbox 386 1187 411 1260; x_wconf 89' lang='grc' dir='ltr'><strong>Ι·.</strong></span> <span class='ocrx_word' id='word_1_71' title='bbox 431 1185 492 1262; x_wconf 86' lang='lat' dir='ltr'><strong>cit.</strong></span> <span class='ocrx_word' id='word_1_72' title='bbox 511 1190 598 1261; x_wconf 88' lang='lat' dir='ltr'><strong>Dec.</strong></span> <span class='ocrx_word' id='word_1_73' title='bbox 614 1213 650 1259; x_wconf 88' lang='lat' dir='ltr'><strong>n.</strong></span> <span class='ocrx_word' id='word_1_74' title='bbox 669 1189 714 1261; x_wconf 84' lang='lat'><strong>25</strong></span> <span class='ocrx_word' id='word_1_75' title='bbox 729 1213 771 1259; x_wconf 85' lang='lat' dir='ltr'><strong>ex</strong></span> <span class='ocrx_word' id='word_1_76' title='bbox 786 1189 888 1261; x_wconf 88' lang='lat' dir='ltr'><strong>Suar.</strong></span> <span class='ocrx_word' id='word_1_77' title='bbox 909 1203 940 1258; x_wconf 87' lang='lat' dir='ltr'><strong>et</strong></span> <span class='ocrx_word' id='word_1_78' title='bbox 958 1183 1068 1258; x_wconf 85' lang='lat' dir='ltr'><strong>Barb.</strong></span> <span class='ocrx_word' id='word_1_79' title='bbox 1082 1184 1112 1255; x_wconf 91' lang='lat' dir='ltr'><strong>l.</strong></span> <span class='ocrx_word' id='word_1_80' title='bbox 1131 1210 1165 1258; x_wconf 90' lang='lat' dir='ltr'><strong>c.</strong></span> 
     </span>
     <span class='ocr_line' id='line_1_11' title="bbox 87 1281 1167 1455; baseline -0.004 -98"><span class='ocrx_word' id='word_1_81' title='bbox 87 1308 128 1357; x_wconf 88' lang='lat' dir='ltr'><strong>n.</strong></span> <span class='ocrx_word' id='word_1_82' title='bbox 152 1281 374 1377; x_wconf 70' lang='grc'>4611111,</span> <span class='ocrx_word' id='word_1_83' title='bbox 399 1309 483 1358; x_wconf 90' lang='lat' dir='ltr'><strong>cum</strong></span> <span class='ocrx_word' id='word_1_84' title='bbox 506 1281 622 1455; x_wconf 58' lang='grc' dir='ltr'>1111ὲᾶ</span> <span class='ocrx_word' id='word_1_85' title='bbox 642 1297 767 1360; x_wconf 86' lang='lat' dir='ltr'><strong>contra</strong></span> <span class='ocrx_word' id='word_1_86' title='bbox 787 1286 875 1359; x_wconf 83' lang='lat' dir='ltr'><strong>Mar.</strong></span> <span class='ocrx_word' id='word_1_87' title='bbox 899 1283 1039 1379; x_wconf 80' lang='lat' dir='ltr'><strong>Alter.)</strong></span> <span class='ocrx_word' id='word_1_88' title='bbox 1056 1284 1167 1355; x_wconf 80' lang='lat' dir='ltr'><strong>etiam</strong></span> 
     </span>
     <span class='ocr_line' id='line_1_12' title="bbox 88 1381 1166 1483; baseline 0 -31"><span class='ocrx_word' id='word_1_89' title='bbox 88 1407 196 1481; x_wconf 84' lang='lat' dir='ltr'><strong>posse</strong></span> <span class='ocrx_word' id='word_1_90' title='bbox 213 1381 260 1453; x_wconf 90' lang='lat' dir='ltr'><strong>ab</strong></span> <span class='ocrx_word' id='word_1_91' title='bbox 274 1385 459 1483; x_wconf 81' lang='lat' dir='ltr'><strong>Episcopo</strong></span> <span class='ocrx_word' id='word_1_92' title='bbox 474 1385 577 1456; x_wconf 90' lang='lat' dir='ltr'><strong>illam</strong></span> <span class='ocrx_word' id='word_1_93' title='bbox 623 1384 754 1480; x_wconf 81' lang='lat' dir='ltr'><strong>elegari</strong></span> <span class='ocrx_word' id='word_1_94' title='bbox 770 1382 986 1482; x_wconf 81' lang='lat' dir='ltr'><strong>generaliter</strong></span> <span class='ocrx_word' id='word_1_95' title='bbox 1000 1383 1166 1455; x_wconf 86' lang='lat' dir='ltr'><strong>coicum·</strong></span> 
     </span>
     <span class='ocr_line' id='line_1_13' title="bbox 88 1480 1165 1582; baseline 0.001 -31"><span class='ocrx_word' id='word_1_96' title='bbox 88 1504 161 1578; x_wconf 87' lang='lat' dir='ltr'><strong>que</strong></span> <span class='ocrx_word' id='word_1_97' title='bbox 177 1480 363 1553; x_wconf 86' lang='lat' dir='ltr'><strong>Sacerdoti</strong></span> <span class='ocrx_word' id='word_1_98' title='bbox 380 1537 389 1565; x_wconf 84' lang='lat'>.</span> <span class='ocrx_word' id='word_1_99' title='bbox 413 1484 472 1578; x_wconf 87' lang='lat' dir='ltr'><strong>cpi</strong></span> <span class='ocrx_word' id='word_1_100' title='bbox 487 1483 693 1582; x_wconf 87' lang='lat' dir='ltr'><strong>Episcopus</strong></span> <span class='ocrx_word' id='word_1_101' title='bbox 711 1510 814 1555; x_wconf 92' lang='lat' dir='ltr'><strong>suam</strong></span> <span class='ocrx_word' id='word_1_102' title='bbox 833 1480 1041 1556; x_wconf 78' lang='lat' dir='ltr'><strong>facultatem</strong></span> <span class='ocrx_word' id='word_1_103' title='bbox 1061 1489 1165 1552; x_wconf 83' lang='lat' dir='ltr'><strong>com·</strong></span> 
     </span>
     <span class='ocr_line' id='line_1_14' title="bbox 86 1577 1166 1681; baseline 0.001 -31"><span class='ocrx_word' id='word_1_104' title='bbox 86 1579 238 1650; x_wconf 87' lang='lat' dir='ltr'><strong>mittat:</strong></span> <span class='ocrx_word' id='word_1_105' title='bbox 256 1577 402 1678; x_wconf 91' lang='lat' dir='ltr'><strong>hocque</strong></span> <span class='ocrx_word' id='word_1_106' title='bbox 424 1605 466 1654; x_wconf 84' lang='lat' dir='ltr'><strong>ex</strong></span> <span class='ocrx_word' id='word_1_107' title='bbox 488 1595 666 1681; x_wconf 83' lang='lat' dir='ltr'><strong>potestate</strong></span> <span class='ocrx_word' id='word_1_108' title='bbox 691 1580 896 1667; x_wconf 84' lang='lat' dir='ltr'><strong>ordinaria,</strong></span> <span class='ocrx_word' id='word_1_109' title='bbox 922 1604 1031 1679; x_wconf 86' lang='lat' dir='ltr'><strong>quarn</strong></span> <span class='ocrx_word' id='word_1_110' title='bbox 1054 1578 1166 1676; x_wconf 87' lang='lat' dir='ltr'><strong>Epis·</strong></span> 
     </span>
     <span class='ocr_line' id='line_1_15' title="bbox 88 1676 931 1772; baseline -0.001 -23"><span class='ocrx_word' id='word_1_111' title='bbox 88 1677 175 1772; x_wconf 87' lang='lat' dir='ltr'><strong>copi</strong></span> <span class='ocrx_word' id='word_1_112' title='bbox 203 1676 349 1749; x_wconf 90' lang='lat' dir='ltr'><strong>babent.</strong></span> <span class='ocrx_word' id='word_1_113' title='bbox 929 1688 931 1694; x_wconf 88' lang='lat'>&#39;</span> 
     </span>
    </p>

    <p class='ocr_par' dir='ltr' id='par_1_3' title="bbox 86 1771 1201 2162">
     <span class='ocr_line' id='line_1_16' title="bbox 133 1771 1166 1945; baseline -0.005 -96"><span class='ocrx_word' id='word_1_114' title='bbox 133 1773 273 1849; x_wconf 74' lang='lat' dir='ltr'><strong>Utrum</strong></span> <span class='ocrx_word' id='word_1_115' title='bbox 296 1791 421 1848; x_wconf 88' lang='lat' dir='ltr'><strong>autem·</strong></span> <span class='ocrx_word' id='word_1_116' title='bbox 439 1775 615 1875; x_wconf 85' lang='lat' dir='ltr'><strong>Episcopi</strong></span> <span class='ocrx_word' id='word_1_117' title='bbox 643 1774 786 1945; x_wconf 77' lang='lat' dir='ltr'><strong>possint</strong></span> <span class='ocrx_word' id='word_1_118' title='bbox 812 1772 997 1847; x_wconf 85' lang='lat' dir='ltr'><strong>absolvere</strong></span> <span class='ocrx_word' id='word_1_119' title='bbox 1022 1772 1067 1845; x_wconf 92' lang='lat' dir='ltr'><strong>ab</strong></span> <span class='ocrx_word' id='word_1_120' title='bbox 1089 1771 1166 1845; x_wconf 80' lang='lat' dir='ltr'><strong>hre-</strong></span> 
     </span>
     <span class='ocr_line' id='line_1_17' title="bbox 86 1870 1166 1958; baseline -0.001 -11"><span class='ocrx_word' id='word_1_121' title='bbox 86 1875 170 1947; x_wconf 78' lang='lat' dir='ltr'><strong>roesi</strong></span> <span class='ocrx_word' id='word_1_122' title='bbox 188 1927 197 1958; x_wconf 86' lang='lat'>,</span> <span class='ocrx_word' id='word_1_123' title='bbox 213 1886 250 1946; x_wconf 84' lang='lat' dir='ltr'><strong>et</strong></span> <span class='ocrx_word' id='word_1_124' title='bbox 266 1871 312 1946; x_wconf 88' lang='lat' dir='ltr'><strong>ab</strong></span> <span class='ocrx_word' id='word_1_125' title='bbox 334 1874 412 1948; x_wconf 90' lang='lat' dir='ltr'><strong>aliis</strong></span> <span class='ocrx_word' id='word_1_126' title='bbox 431 1873 572 1947; x_wconf 82' lang='lat' dir='ltr'><strong>casibus</strong></span> <span class='ocrx_word' id='word_1_127' title='bbox 591 1876 644 1948; x_wconf 91' lang='lat' dir='ltr'><strong>Bu</strong></span> <span class='ocrx_word' id='word_1_128' title='bbox 664 1873 708 1952; x_wconf 78' lang='lat' dir='ltr'><strong>lae</strong></span> <span class='ocrx_word' id='word_1_129' title='bbox 727 1873 881 1948; x_wconf 79' lang='lat' dir='ltr'><strong>Coenae?</strong></span> <span class='ocrx_word' id='word_1_130' title='bbox 897 1872 992 1945; x_wconf 88' lang='lat' dir='ltr'><strong>Vide</strong></span> <span class='ocrx_word' id='word_1_131' title='bbox 1009 1870 1166 1946; x_wconf 81' lang='lat' dir='ltr'><strong>dicenda</strong></span> 
     </span>
     <span class='ocr_line' id='line_1_18' title="bbox 87 1970 1166 2072; baseline -0.002 -28"><span class='ocrx_word' id='word_1_132' title='bbox 87 1971 132 2044; x_wconf 86' lang='lat' dir='ltr'><strong>de</strong></span> <span class='ocrx_word' id='word_1_133' title='bbox 158 1972 268 2044; x_wconf 86' lang='lat' dir='ltr'><strong>Ceos.</strong></span> <span class='ocrx_word' id='word_1_134' title='bbox 288 1970 352 2046; x_wconf 91' lang='lat' dir='ltr'><strong>lib.</strong></span> <span class='ocrx_word' id='word_1_135' title='bbox 373 1996 392 2072; x_wconf 88' lang='lat'><strong>7</strong></span> <span class='ocrx_word' id='word_1_136' title='bbox 412 1998 455 2046; x_wconf 83' lang='lat' dir='ltr'><strong>ex</strong></span> <span class='ocrx_word' id='word_1_137' title='bbox 479 1997 518 2046; x_wconf 89' lang='lat' dir='ltr'><strong>u.</strong></span> <span class='ocrx_word' id='word_1_138' title='bbox 542 1975 609 2060; x_wconf 78' lang='lat'><strong>82,</strong></span> <span class='ocrx_word' id='word_1_139' title='bbox 634 1971 698 2045; x_wconf 89' lang='lat' dir='ltr'><strong>ubi</strong></span> <span class='ocrx_word' id='word_1_140' title='bbox 725 1972 924 2068; x_wconf 81' lang='lat' dir='ltr'><strong>negativam</strong></span> <span class='ocrx_word' id='word_1_141' title='bbox 948 1970 1166 2044; x_wconf 84' lang='lat' dir='ltr'><strong>sententiam</strong></span> 
     </span>
     <span class='ocr_line' id='line_1_19' title="bbox 86 2068 1201 2162; baseline -0.005 -19"><span class='ocrx_word' id='word_1_142' title='bbox 86 2068 291 2143; x_wconf 83' lang='lat' dir='ltr'><strong>tuebimur.</strong></span> <span class='ocrx_word' id='word_1_143' title='bbox 1199 2159 1201 2162; x_wconf 15' lang='grc' dir='ltr'>Ι</span> 
     </span>
    </p>

    <p class='ocr_par' dir='ltr' id='par_1_4' title="bbox 135 2162 1228 2266">
     <span class='ocr_line' id='line_1_20' title="bbox 135 2162 1228 2266; baseline 0.003 -31"><span class='ocrx_word' id='word_1_144' title='bbox 135 2197 158 2235; x_wconf 80' lang='lat' dir='ltr'><strong>a</strong></span> <span class='ocrx_word' id='word_1_145' title='bbox 187 2171 222 2241; x_wconf 88' lang='grc'><strong>8.</strong></span> <span class='ocrx_word' id='word_1_146' title='bbox 248 2166 443 2266; x_wconf 82' lang='lat' dir='ltr'><strong>Superior,</strong></span> <span class='ocrx_word' id='word_1_147' title='bbox 473 2168 603 2241; x_wconf 85' lang='lat' dir='ltr'><strong>auditis</strong></span> <span class='ocrx_word' id='word_1_148' title='bbox 630 2167 716 2242; x_wconf 87' lang='lat' dir='ltr'><strong>solis</strong></span> <span class='ocrx_word' id='word_1_149' title='bbox 741 2167 954 2252; x_wconf 82' lang='lat' dir='ltr'><strong>reservatis,</strong></span> <span class='ocrx_word' id='word_1_150' title='bbox 981 2179 1100 2266; x_wconf 83' lang='lat' dir='ltr'><strong>potest</strong></span> <span class='ocrx_word' id='word_1_151' title='bbox 1117 2162 1228 2261; x_wconf 67' lang='lat' dir='ltr'><strong>ab59s</strong></span> 
     </span>
    </p>

    <p class='ocr_par' dir='ltr' id='par_1_5' title="bbox 83 2265 1168 2951">
     <span class='ocr_line' id='line_1_21' title="bbox 84 2265 1166 2367; baseline 0.001 -33"><span class='ocrx_word' id='word_1_152' title='bbox 84 2296 103 2334; x_wconf 77' lang='lat' dir='ltr'><strong>s</strong></span> <span class='ocrx_word' id='word_1_153' title='bbox 130 2266 180 2339; x_wconf 86' lang='lat' dir='ltr'><strong>iis</strong></span> <span class='ocrx_word' id='word_1_154' title='bbox 205 2265 416 2349; x_wconf 77' lang='lat' dir='ltr'><strong>absolvere,</strong></span> <span class='ocrx_word' id='word_1_155' title='bbox 437 2280 473 2337; x_wconf 87' lang='lat' dir='ltr'><strong>et</strong></span> <span class='ocrx_word' id='word_1_156' title='bbox 494 2266 634 2367; x_wconf 86' lang='lat' dir='ltr'><strong>reliqua</strong></span> <span class='ocrx_word' id='word_1_157' title='bbox 660 2267 824 2341; x_wconf 82' lang='lat' dir='ltr'><strong>inferiori</strong></span> <span class='ocrx_word' id='word_1_158' title='bbox 848 2267 1102 2349; x_wconf 87' lang='lat' dir='ltr'><strong>committere,</strong></span> <span class='ocrx_word' id='word_1_159' title='bbox 1122 2289 1166 2335; x_wconf 83' lang='lat' dir='ltr'><strong>er</strong></span> 
     </span>
     <span class='ocr_line' id='line_1_22' title="bbox 83 2362 1167 2464; baseline 0.005 -35"><span class='ocrx_word' id='word_1_160' title='bbox 83 2393 103 2429; x_wconf 72' lang='lat' dir='ltr'><strong>s</strong></span> <span class='ocrx_word' id='word_1_161' title='bbox 130 2389 243 2439; x_wconf 89' lang='lat' dir='ltr'><strong>causa</strong></span> <span class='ocrx_word' id='word_1_162' title='bbox 257 2377 405 2462; x_wconf 82' lang='lat' dir='ltr'><strong>urgente</strong></span> <span class='ocrx_word' id='word_1_163' title='bbox 420 2391 429 2433; x_wconf 76' lang='grc' dir='ltr'><strong><em>ε</em></strong></span> <span class='ocrx_word' id='word_1_164' title='bbox 446 2363 563 2464; x_wconf 85' lang='lat' dir='ltr'><strong>qualis</strong></span> <span class='ocrx_word' id='word_1_165' title='bbox 578 2382 699 2439; x_wconf 88' lang='lat' dir='ltr'><strong>tamen</strong></span> <span class='ocrx_word' id='word_1_166' title='bbox 716 2375 793 2438; x_wconf 86' lang='lat' dir='ltr'><strong>non</strong></span> <span class='ocrx_word' id='word_1_167' title='bbox 814 2378 869 2437; x_wconf 88' lang='lat' dir='ltr'><strong>est</strong></span> <span class='ocrx_word' id='word_1_168' title='bbox 886 2362 1087 2435; x_wconf 89' lang='lat' dir='ltr'><strong>multitudo</strong></span> <span class='ocrx_word' id='word_1_169' title='bbox 1105 2387 1167 2434; x_wconf 91' lang='lat' dir='ltr'><strong>oe·</strong></span> 
     </span>
     <span class='ocr_line' id='line_1_23' title="bbox 84 2457 1167 2560; baseline 0.002 -32"><span class='ocrx_word' id='word_1_170' title='bbox 84 2491 102 2528; x_wconf 81' lang='grc' dir='ltr'><strong>ι</strong></span> <span class='ocrx_word' id='word_1_171' title='bbox 131 2462 342 2560; x_wconf 82' lang='lat' dir='ltr'><strong>gotiorum,</strong></span> <span class='ocrx_word' id='word_1_172' title='bbox 372 2476 412 2536; x_wconf 88' lang='lat' dir='ltr'><strong>ut</strong></span> <span class='ocrx_word' id='word_1_173' title='bbox 433 2462 566 2538; x_wconf 69' lang='lat' dir='ltr'><strong>‘locent</strong></span> <span class='ocrx_word' id='word_1_174' title='bbox 590 2465 692 2536; x_wconf 89' lang='lat' dir='ltr'><strong>Suar.</strong></span> <span class='ocrx_word' id='word_1_175' title='bbox 717 2460 899 2537; x_wconf 75' lang='lat' dir='ltr'><strong>Fbmand.</strong></span> <span class='ocrx_word' id='word_1_176' title='bbox 929 2476 965 2533; x_wconf 88' lang='lat' dir='ltr'><strong>et</strong></span> <span class='ocrx_word' id='word_1_177' title='bbox 987 2457 1073 2533; x_wconf 84' lang='lat' dir='ltr'><strong>Fill.</strong></span> <span class='ocrx_word' id='word_1_178' title='bbox 1101 2457 1167 2531; x_wconf 87' lang='lat' dir='ltr'><strong>sed</strong></span> 
     </span>
     <span class='ocr_line' id='line_1_24' title="bbox 85 2559 1168 2660; baseline 0 -28"><span class='ocrx_word' id='word_1_179' title='bbox 85 2589 106 2632; x_wconf 80' lang='lat' dir='ltr'><strong>s</strong></span> <span class='ocrx_word' id='word_1_180' title='bbox 131 2559 206 2632; x_wconf 78' lang='lat' dir='ltr'><strong>alia</strong></span> <span class='ocrx_word' id='word_1_181' title='bbox 220 2563 384 2659; x_wconf 65' lang='lat' dir='ltr'><strong>gravium</strong></span> <span class='ocrx_word' id='word_1_182' title='bbox 405 2575 483 2632; x_wconf 91' lang='lat' dir='ltr'><strong>tum</strong></span> <span class='ocrx_word' id='word_1_183' title='bbox 502 2563 587 2658; x_wconf 87' lang='lat' dir='ltr'><strong>quia</strong></span> <span class='ocrx_word' id='word_1_184' title='bbox 601 2567 711 2634; x_wconf 81' lang='lat' dir='ltr'><strong>etilm</strong></span> <span class='ocrx_word' id='word_1_185' title='bbox 728 2560 1029 2660; x_wconf 82' lang='lat' dir='ltr'><strong>occupatissimos</strong></span> <span class='ocrx_word' id='word_1_186' title='bbox 1047 2571 1168 2657; x_wconf 87' lang='lat' dir='ltr'><strong>potest</strong></span> 
     </span>
     <span class='ocr_line' id='line_1_25' title="bbox 89 2655 1166 2756; baseline -0.003 -25"><span class='ocrx_word' id='word_1_187' title='bbox 89 2686 108 2731; x_wconf 81' lang='grc'>1</span> <span class='ocrx_word' id='word_1_188' title='bbox 133 2658 225 2731; x_wconf 80' lang='lat' dir='ltr'><strong>dare</strong></span> <span class='ocrx_word' id='word_1_189' title='bbox 243 2655 452 2755; x_wconf 77' lang='lat' dir='ltr'><strong>facultatem</strong></span> <span class='ocrx_word' id='word_1_190' title='bbox 474 2657 633 2731; x_wconf 84' lang='lat' dir='ltr'><strong>adcundi</strong></span> <span class='ocrx_word' id='word_1_191' title='bbox 649 2660 829 2743; x_wconf 88' lang='lat' dir='ltr'><strong>alterum,</strong></span> <span class='ocrx_word' id='word_1_192' title='bbox 851 2683 934 2730; x_wconf 90' lang='lat' dir='ltr'><strong>cum</strong></span> <span class='ocrx_word' id='word_1_193' title='bbox 950 2682 1059 2731; x_wconf 90' lang='lat' dir='ltr'><strong>onere</strong></span> <span class='ocrx_word' id='word_1_194' title='bbox 1078 2682 1166 2756; x_wconf 85' lang='lat' dir='ltr'><strong>pos·</strong></span> 
     </span>
     <span class='ocr_line' id='line_1_26' title="bbox 85 2753 1165 2858; baseline -0.002 -29"><span class='ocrx_word' id='word_1_195' title='bbox 85 2787 106 2829; x_wconf 83' lang='lat' dir='ltr'><strong>s</strong></span> <span class='ocrx_word' id='word_1_196' title='bbox 132 2754 483 2856; x_wconf 18' lang='lat' dir='ltr'><strong>tebpcompareudh</strong></span> <span class='ocrx_word' id='word_1_197' title='bbox 509 2772 588 2830; x_wconf 85' lang='lat' dir='ltr'><strong>tum</strong></span> <span class='ocrx_word' id='word_1_198' title='bbox 615 2759 698 2858; x_wconf 89' lang='lat' dir='ltr'><strong>quia</strong></span> <span class='ocrx_word' id='word_1_199' title='bbox 721 2758 909 2855; x_wconf 85' lang='lat' dir='ltr'><strong>integritas</strong></span> <span class='ocrx_word' id='word_1_200' title='bbox 927 2753 1165 2829; x_wconf 83' lang='lat' dir='ltr'><strong>confessionis</strong></span> 
     </span>
     <span class='ocr_line' id='line_1_27' title="bbox 85 2853 931 2951; baseline -0.013 -24"><span class='ocrx_word' id='word_1_201' title='bbox 85 2885 104 2927; x_wconf 83' lang='lat' dir='ltr'><strong>a</strong></span> <span class='ocrx_word' id='word_1_202' title='bbox 132 2872 191 2930; x_wconf 90' lang='lat' dir='ltr'><strong>est</strong></span> <span class='ocrx_word' id='word_1_203' title='bbox 208 2855 255 2928; x_wconf 89' lang='lat' dir='ltr'><strong>de</strong></span> <span class='ocrx_word' id='word_1_204' title='bbox 273 2855 351 2951; x_wconf 76' lang='lat' dir='ltr'><strong>jure</strong></span> <span class='ocrx_word' id='word_1_205' title='bbox 367 2853 508 2928; x_wconf 82' lang='lat' dir='ltr'><strong>divino.</strong></span> <span class='ocrx_word' id='word_1_206' title='bbox 534 2885 554 2922; x_wconf 77' lang='lat' dir='ltr'><strong>n</strong></span> <span class='ocrx_word' id='word_1_207' title='bbox 927 2875 931 2888; x_wconf 84' lang='lat'>·</span> 
     </span>
    </p>

    <p class='ocr_par' dir='ltr' id='par_1_6' title="bbox 82 2951 1282 4234">
     <span class='ocr_line' id='line_1_28' title="bbox 132 2951 1167 3052; baseline -0.004 -24"><span class='ocrx_word' id='word_1_208' title='bbox 132 2954 372 3041; x_wconf 73' lang='lat' dir='ltr'><strong>Certumst,</strong></span> <span class='ocrx_word' id='word_1_209' title='bbox 388 2952 491 3052; x_wconf 86' lang='lat' dir='ltr'><strong>quod</strong></span> <span class='ocrx_word' id='word_1_210' title='bbox 508 2951 609 3026; x_wconf 89' lang='lat' dir='ltr'><strong>nulla</strong></span> <span class='ocrx_word' id='word_1_211' title='bbox 619 2951 820 3026; x_wconf 88' lang='lat' dir='ltr'><strong>multitudo</strong></span> <span class='ocrx_word' id='word_1_212' title='bbox 836 2952 1065 3049; x_wconf 82' lang='lat' dir='ltr'><strong>negotiorum</strong></span> <span class='ocrx_word' id='word_1_213' title='bbox 1081 2975 1167 3049; x_wconf 88' lang='lat' dir='ltr'><strong>pos·</strong></span> 
     </span>
     <span class='ocr_line' id='line_1_29' title="bbox 87 3048 1165 3129; baseline -0.004 -1"><span class='ocrx_word' id='word_1_214' title='bbox 87 3055 130 3129; x_wconf 89' lang='lat' dir='ltr'><strong>sit</strong></span> <span class='ocrx_word' id='word_1_215' title='bbox 157 3077 235 3126; x_wconf 87' lang='lat' dir='ltr'><strong>esse</strong></span> <span class='ocrx_word' id='word_1_216' title='bbox 266 3050 449 3125; x_wconf 88' lang='lat' dir='ltr'><strong>sufficiens</strong></span> <span class='ocrx_word' id='word_1_217' title='bbox 475 3077 581 3124; x_wconf 86' lang='lat' dir='ltr'><strong>causa</strong></span> <span class='ocrx_word' id='word_1_218' title='bbox 601 3049 650 3122; x_wconf 89' lang='lat' dir='ltr'><strong>ad</strong></span> <span class='ocrx_word' id='word_1_219' title='bbox 674 3049 935 3124; x_wconf 88' lang='lat' dir='ltr'><strong>dimidiandam</strong></span> <span class='ocrx_word' id='word_1_220' title='bbox 960 3048 1165 3124; x_wconf 77' lang='lat' dir='ltr'><strong>Confessio·</strong></span> 
     </span>
     <span class='ocr_line' id='line_1_30' title="bbox 87 3147 1170 3248; baseline -0.003 -24"><span class='ocrx_word' id='word_1_221' title='bbox 87 3177 175 3224; x_wconf 83' lang='lat' dir='ltr'><strong>nem</strong></span> <span class='ocrx_word' id='word_1_222' title='bbox 191 3205 202 3234; x_wconf 90' lang='lat'>‚</span> <span class='ocrx_word' id='word_1_223' title='bbox 221 3163 263 3223; x_wconf 86' lang='lat' dir='ltr'><strong>ut</strong></span> <span class='ocrx_word' id='word_1_224' title='bbox 279 3148 378 3224; x_wconf 68' lang='lat' dir='ltr'><strong>recte</strong></span> <span class='ocrx_word' id='word_1_225' title='bbox 395 3150 444 3222; x_wconf 87' lang='lat' dir='ltr'><strong>ait</strong></span> <span class='ocrx_word' id='word_1_226' title='bbox 458 3149 566 3223; x_wconf 81' lang='lat' dir='ltr'><strong>croix</strong></span> <span class='ocrx_word' id='word_1_227' title='bbox 582 3148 607 3223; x_wconf 92' lang='lat' dir='ltr'><strong>l.</strong></span> <span class='ocrx_word' id='word_1_228' title='bbox 623 3147 649 3221; x_wconf 83' lang='lat'>6</span> <span class='ocrx_word' id='word_1_229' title='bbox 667 3175 704 3248; x_wconf 86' lang='lat' dir='ltr'><strong>p.</strong></span> <span class='ocrx_word' id='word_1_230' title='bbox 724 3176 745 3223; x_wconf 78' lang='lat' dir='ltr'><strong>a</strong></span> <span class='ocrx_word' id='word_1_231' title='bbox 763 3177 800 3222; x_wconf 91' lang='lat' dir='ltr'><strong>n.</strong></span> <span class='ocrx_word' id='word_1_232' title='bbox 826 3148 1170 3241; x_wconf 69' lang='grc'>1154111118111111,</span> 
     </span>
     <span class='ocr_line' id='line_1_31' title="bbox 82 3243 1167 3350; baseline -0.007 -24"><span class='ocrx_word' id='word_1_233' title='bbox 82 3249 262 3350; x_wconf 70' lang='lat' dir='ltr'><strong>baymam</strong></span> <span class='ocrx_word' id='word_1_234' title='bbox 286 3248 399 3348; x_wconf 89' lang='lat' dir='ltr'><strong>Vasq.</strong></span> <span class='ocrx_word' id='word_1_235' title='bbox 422 3260 460 3321; x_wconf 86' lang='lat' dir='ltr'><strong>et</strong></span> <span class='ocrx_word' id='word_1_236' title='bbox 486 3246 566 3320; x_wconf 85' lang='lat' dir='ltr'><strong>aliis</strong></span> <span class='ocrx_word' id='word_1_237' title='bbox 588 3249 749 3349; x_wconf 68' lang='lat' dir='ltr'><strong>passim</strong></span> <span class='ocrx_word' id='word_1_238' title='bbox 770 3243 926 3320; x_wconf 72' lang='lat' dir='ltr'><strong>maximb</strong></span> <span class='ocrx_word' id='word_1_239' title='bbox 948 3243 1058 3319; x_wconf 67' lang='lat' dir='ltr'><strong>hodie</strong></span> <span class='ocrx_word' id='word_1_240' title='bbox 1083 3259 1167 3346; x_wconf 89' lang='lat' dir='ltr'><strong>post</strong></span> 
     </span>
     <span class='ocr_line' id='line_1_32' title="bbox 87 3344 1164 3449; baseline -0.004 -28"><span class='ocrx_word' id='word_1_241' title='bbox 87 3375 195 3449; x_wconf 84' lang='lat' dir='ltr'><strong>prop.</strong></span> <span class='ocrx_word' id='word_1_242' title='bbox 212 3347 261 3445; x_wconf 85' lang='lat'><strong>59</strong></span> <span class='ocrx_word' id='word_1_243' title='bbox 275 3345 399 3420; x_wconf 87' lang='lat' dir='ltr'><strong>damn.</strong></span> <span class='ocrx_word' id='word_1_244' title='bbox 415 3346 461 3418; x_wconf 86' lang='lat' dir='ltr'><strong>ab</strong></span> <span class='ocrx_word' id='word_1_245' title='bbox 475 3345 605 3419; x_wconf 88' lang='lat' dir='ltr'><strong>lnnoc.</strong></span> <span class='ocrx_word' id='word_1_246' title='bbox 622 3346 686 3420; x_wconf 86' lang='lat' dir='ltr'><strong>xl.</strong></span> <span class='ocrx_word' id='word_1_247' title='bbox 705 3370 789 3445; x_wconf 82' lang='lat' dir='ltr'><strong>quae</strong></span> <span class='ocrx_word' id='word_1_248' title='bbox 804 3346 951 3419; x_wconf 88' lang='lat' dir='ltr'><strong>dicebat</strong></span> <span class='ocrx_word' id='word_1_249' title='bbox 970 3373 979 3418; x_wconf 87' lang='lat'>:</span> <span class='ocrx_word' id='word_1_250' title='bbox 995 3344 1095 3416; x_wconf 78' lang='lat' dir='ltr'><strong>Licet</strong></span> <span class='ocrx_word' id='word_1_251' title='bbox 1106 3371 1164 3417; x_wconf 83' lang='lat' dir='ltr'><strong>sa·</strong></span> 
     </span>
     <span class='ocr_line' id='line_1_33' title="bbox 86 3441 1164 3530; baseline -0.005 -10"><span class='ocrx_word' id='word_1_252' title='bbox 86 3444 343 3520; x_wconf 74' lang='lat' dir='ltr'><strong>ommentat‘ter</strong></span> <span class='ocrx_word' id='word_1_253' title='bbox 370 3442 549 3517; x_wconf 75' lang='lat' dir='ltr'><strong>absolvere</strong></span> <span class='ocrx_word' id='word_1_254' title='bbox 576 3443 754 3515; x_wconf 65' lang='lat' dir='ltr'><strong>desidiae</strong></span> <span class='ocrx_word' id='word_1_255' title='bbox 785 3451 920 3516; x_wconf 77' lang='lat' dir='ltr'><strong>tantum</strong></span> <span class='ocrx_word' id='word_1_256' title='bbox 946 3441 1164 3530; x_wconf 67' lang='lat' dir='ltr'><strong>confhssos.</strong></span> 
     </span>
     <span class='ocr_line' id='line_1_34' title="bbox 85 3538 1282 3641; baseline -0.003 -26"><span class='ocrx_word' id='word_1_257' title='bbox 85 3545 223 3616; x_wconf 80' lang='lat' dir='ltr'><strong>rotrone</strong></span> <span class='ocrx_word' id='word_1_258' title='bbox 238 3543 362 3639; x_wconf 72' lang='lat' dir='ltr'><strong>magni</strong></span> <span class='ocrx_word' id='word_1_259' title='bbox 374 3546 562 3615; x_wconf 71' lang='lat' dir='ltr'><strong>concursus</strong></span> <span class='ocrx_word' id='word_1_260' title='bbox 573 3541 807 3640; x_wconf 77' lang='lat' dir='ltr'><strong>punitcnnism</strong></span> <span class='ocrx_word' id='word_1_261' title='bbox 824 3597 833 3627; x_wconf 86' lang='lat'>‚</span> <span class='ocrx_word' id='word_1_262' title='bbox 852 3538 965 3640; x_wconf 74' lang='lat' dir='ltr'><strong>qualis</strong></span> <span class='ocrx_word' id='word_1_263' title='bbox 983 3568 1013 3616; x_wconf 78' lang='grc' dir='ltr'><strong>ν,</strong></span> <span class='ocrx_word' id='word_1_264' title='bbox 1029 3566 1082 3641; x_wconf 69' lang='lat' dir='ltr'><strong>gr.</strong></span> <span class='ocrx_word' id='word_1_265' title='bbox 1093 3566 1165 3639; x_wconf 80' lang='lat' dir='ltr'><strong>po·</strong></span> <span class='ocrx_word' id='word_1_266' title='bbox 1280 3635 1282 3638; x_wconf 15' lang='grc' dir='ltr'>Ι</span> 
     </span>
     <span class='ocr_line' id='line_1_35' title="bbox 86 3635 1169 3740; baseline -0.004 -28"><span class='ocrx_word' id='word_1_267' title='bbox 86 3655 158 3715; x_wconf 77' lang='lat' dir='ltr'><strong>rest</strong></span> <span class='ocrx_word' id='word_1_268' title='bbox 179 3641 378 3740; x_wconf 69' lang='lat' dir='ltr'><strong>contingere</strong></span> <span class='ocrx_word' id='word_1_269' title='bbox 402 3640 439 3711; x_wconf 78' lang='lat' dir='ltr'><strong>in</strong></span> <span class='ocrx_word' id='word_1_270' title='bbox 462 3641 518 3713; x_wconf 73' lang='lat' dir='ltr'><strong>do</strong></span> <span class='ocrx_word' id='word_1_271' title='bbox 544 3664 678 3736; x_wconf 69' lang='lat' dir='ltr'><strong>magnos</strong></span> <span class='ocrx_word' id='word_1_272' title='bbox 699 3640 844 3735; x_wconf 64' lang='lat' dir='ltr'><strong>alicujus</strong></span> <span class='ocrx_word' id='word_1_273' title='bbox 854 3635 1082 3733; x_wconf 62' lang='lat' dir='ltr'><strong>festiniani,</strong></span> <span class='ocrx_word' id='word_1_274' title='bbox 1106 3647 1169 3709; x_wconf 73' lang='lat' dir='ltr'><strong>aut</strong></span> 
     </span>
     <span class='ocr_line' id='line_1_36' title="bbox 84 3736 1166 3839; baseline -0.003 -27"><span class='ocrx_word' id='word_1_275' title='bbox 84 3739 326 3836; x_wconf 67' lang='lat' dir='ltr'><strong>Indulgentris.</strong></span> <span class='ocrx_word' id='word_1_276' title='bbox 347 3738 542 3813; x_wconf 74' lang='lat' dir='ltr'><strong>Arruntem</strong></span> <span class='ocrx_word' id='word_1_277' title='bbox 559 3739 675 3839; x_wconf 87' lang='lat' dir='ltr'><strong>possit</strong></span> <span class='ocrx_word' id='word_1_278' title='bbox 686 3739 860 3832; x_wconf 86' lang='lat' dir='ltr'><strong>Superior</strong></span> <span class='ocrx_word' id='word_1_279' title='bbox 877 3736 1064 3811; x_wconf 80' lang='lat' dir='ltr'><strong>absolvere</strong></span> <span class='ocrx_word' id='word_1_280' title='bbox 1082 3760 1166 3829; x_wconf 87' lang='lat' dir='ltr'><strong>poe·</strong></span> 
     </span>
     <span class='ocr_line' id='line_1_37' title="bbox 88 3829 1166 3932; baseline -0.005 -21"><span class='ocrx_word' id='word_1_281' title='bbox 88 3838 267 3911; x_wconf 87' lang='lat' dir='ltr'><strong>nitentem</strong></span> <span class='ocrx_word' id='word_1_282' title='bbox 287 3839 305 3909; x_wconf 82' lang='lat' dir='ltr'><strong>b</strong></span> <span class='ocrx_word' id='word_1_283' title='bbox 330 3836 542 3921; x_wconf 80' lang='lat' dir='ltr'><strong>reservatis,</strong></span> <span class='ocrx_word' id='word_1_284' title='bbox 563 3850 600 3910; x_wconf 84' lang='lat' dir='ltr'><strong>et</strong></span> <span class='ocrx_word' id='word_1_285' title='bbox 621 3861 687 3932; x_wconf 86' lang='lat' dir='ltr'><strong>pro</strong></span> <span class='ocrx_word' id='word_1_286' title='bbox 712 3837 794 3910; x_wconf 90' lang='lat' dir='ltr'><strong>aliis</strong></span> <span class='ocrx_word' id='word_1_287' title='bbox 816 3861 900 3909; x_wconf 89' lang='lat' dir='ltr'><strong>eum</strong></span> <span class='ocrx_word' id='word_1_288' title='bbox 918 3835 1100 3909; x_wconf 89' lang='lat' dir='ltr'><strong>remittere</strong></span> <span class='ocrx_word' id='word_1_289' title='bbox 1119 3829 1166 3906; x_wconf 83' lang='lat' dir='ltr'><strong>ad</strong></span> 
     </span>
     <span class='ocr_line' id='line_1_38' title="bbox 87 3931 1165 4030; baseline -0.003 -22"><span class='ocrx_word' id='word_1_290' title='bbox 87 3935 300 4009; x_wconf 76' lang='lat' dir='ltr'><strong>inferiorem</strong></span> <span class='ocrx_word' id='word_1_291' title='bbox 311 3932 327 4007; x_wconf 75' lang='lat' dir='ltr'><strong>l</strong></span> <span class='ocrx_word' id='word_1_292' title='bbox 339 3935 412 4009; x_wconf 84' lang='lat' dir='ltr'><strong>Alii</strong></span> <span class='ocrx_word' id='word_1_293' title='bbox 430 3934 594 4009; x_wconf 69' lang='lat' dir='ltr'><strong>universe</strong></span> <span class='ocrx_word' id='word_1_294' title='bbox 612 3933 812 4022; x_wconf 75' lang='lat' dir='ltr'><strong>affirmant,</strong></span> <span class='ocrx_word' id='word_1_295' title='bbox 831 3950 870 4008; x_wconf 91' lang='lat' dir='ltr'><strong>ut</strong></span> <span class='ocrx_word' id='word_1_296' title='bbox 884 3935 918 4007; x_wconf 91' lang='lat' dir='ltr'><strong>S.</strong></span> <span class='ocrx_word' id='word_1_297' title='bbox 936 3938 1071 4006; x_wconf 80' lang='lat' dir='ltr'><strong>Antan.</strong></span> <span class='ocrx_word' id='word_1_298' title='bbox 1090 3931 1111 4004; x_wconf 89' lang='lat'>3</span> <span class='ocrx_word' id='word_1_299' title='bbox 1127 3956 1165 4030; x_wconf 87' lang='lat' dir='ltr'><strong>p.</strong></span> 
     </span>
     <span class='ocr_line' id='line_1_39' title="bbox 89 4024 1165 4149; baseline -0.002 -44"><span class='ocrx_word' id='word_1_300' title='bbox 89 4035 147 4107; x_wconf 82' lang='lat' dir='ltr'><strong>tit.</strong></span> <span class='ocrx_word' id='word_1_301' title='bbox 172 4037 213 4128; x_wconf 67' lang='grc'>14</span> <span class='ocrx_word' id='word_1_302' title='bbox 233 4059 264 4108; x_wconf 88' lang='lat' dir='ltr'><strong>c.</strong></span> <span class='ocrx_word' id='word_1_303' title='bbox 294 4058 336 4132; x_wconf 88' lang='grc'><strong>19</strong></span> <span class='ocrx_word' id='word_1_304' title='bbox 352 4033 374 4133; x_wconf 79' lang='lat'><strong>§</strong></span> <span class='ocrx_word' id='word_1_305' title='bbox 392 4033 417 4107; x_wconf 91' lang='lat'>6</span> <span class='ocrx_word' id='word_1_306' title='bbox 432 4047 468 4106; x_wconf 89' lang='lat' dir='ltr'><strong>et</strong></span> <span class='ocrx_word' id='word_1_307' title='bbox 491 4033 622 4107; x_wconf 89' lang='lat' dir='ltr'><strong>Palud.</strong></span> <span class='ocrx_word' id='word_1_308' title='bbox 641 4027 756 4149; x_wconf 69' lang='lat' dir='ltr'><strong>CaJet.</strong></span> <span class='ocrx_word' id='word_1_309' title='bbox 781 4035 850 4118; x_wconf 81' lang='lat' dir='ltr'><strong>Sa,</strong></span> <span class='ocrx_word' id='word_1_310' title='bbox 876 4046 913 4107; x_wconf 88' lang='lat' dir='ltr'><strong>et</strong></span> <span class='ocrx_word' id='word_1_311' title='bbox 935 4032 1048 4104; x_wconf 88' lang='lat' dir='ltr'><strong>Henr.</strong></span> <span class='ocrx_word' id='word_1_312' title='bbox 1066 4024 1165 4133; x_wconf 80' lang='lat' dir='ltr'><strong>apud</strong></span> 
     </span>
     <span class='ocr_line' id='line_1_40' title="bbox 86 4128 1165 4234; baseline -0.004 -28"><span class='ocrx_word' id='word_1_313' title='bbox 86 4131 213 4234; x_wconf 73' lang='lat' dir='ltr'><strong>Lnym.</strong></span> <span class='ocrx_word' id='word_1_314' title='bbox 233 4130 261 4206; x_wconf 91' lang='lat' dir='ltr'><strong>l.</strong></span> <span class='ocrx_word' id='word_1_315' title='bbox 276 4132 301 4209; x_wconf 39' lang='lat'><strong>‘5</strong></span> <span class='ocrx_word' id='word_1_316' title='bbox 320 4148 364 4207; x_wconf 85' lang='lat' dir='ltr'><strong>tr.</strong></span> <span class='ocrx_word' id='word_1_317' title='bbox 383 4131 459 4208; x_wconf 71' lang='lat'><strong>60.</strong></span> <span class='ocrx_word' id='word_1_318' title='bbox 482 4157 523 4208; x_wconf 81' lang='lat' dir='ltr'><strong>ra</strong></span> <span class='ocrx_word' id='word_1_319' title='bbox 544 4157 581 4209; x_wconf 90' lang='grc'><strong>11.</strong></span> <span class='ocrx_word' id='word_1_320' title='bbox 599 4136 622 4209; x_wconf 86' lang='grc'><strong>8</strong></span> <span class='ocrx_word' id='word_1_321' title='bbox 638 4157 724 4234; x_wconf 82' lang='lat' dir='ltr'><strong>quia</strong></span> <span class='ocrx_word' id='word_1_322' title='bbox 741 4130 871 4208; x_wconf 85' lang='lat' dir='ltr'><strong>dicunt</strong></span> <span class='ocrx_word' id='word_1_323' title='bbox 891 4129 985 4205; x_wconf 86' lang='lat' dir='ltr'><strong>banc</strong></span> <span class='ocrx_word' id='word_1_324' title='bbox 1002 4149 1079 4207; x_wconf 79' lang='lat' dir='ltr'><strong>esse</strong></span> <span class='ocrx_word' id='word_1_325' title='bbox 1094 4128 1165 4202; x_wconf 80' lang='lat' dir='ltr'><strong>Ee·</strong></span> 
     </span>
    </p>
   </div>
   <div class='ocr_carea' id='block_1_2' title="bbox 0 0 1464 4709">
    <p class='ocr_par' dir='ltr' id='par_1_7' title="bbox 0 0 1464 4709">
     <span class='ocr_line' id='line_1_41' title="bbox 0 0 1464 4709; baseline 0 1"><span class='ocrx_word' id='word_1_326' title='bbox 0 0 1464 4709; x_wconf 95' lang='lat' dir='ltr'><strong> </strong></span> 
     </span>
    </p>
   </div>
  </div>
 </body>
</html>
