2917 4709
245 196 313 267 056
354 194 426 264 Lib.
442 192 503 266 Vi.
515 195 622 262 Traet.
633 186 678 259 V.
691 192 741 259 De
756 180 1022 262 triremi-Unci.
1030 237 1042 279 ,
1054 208 1086 260 et
1100 186 1238 263 Ordine.

247 322 407 381 sonetum
429 307 481 380 oo'
500 306 621 395 robur,
645 319 681 378 et
701 303 796 379 bane
824 319 951 379 teuent
970 305 1101 380 Polaus
1119 334 1152 405 p.
1169 312 1244 400 riui
1270 328 1327 382 ιο.

247 404 385 480 Bonae.
405 433 440 506 p.
459 405 481 477 3
505 432 542 477 n.
562 407 597 497 4.
614 417 652 478 et
669 402 783 504 Vasq.
803 403 888 477 vat.
915 406 999 502 Reg.
1027 402 1118 476 Viti.
1136 405 1272 495 Diana,
1289 416 1329 475 et
1381 438 1384 443 <

250 503 371 579 Truil.
386 502 486 602 apud
502 501 635 577 Eseob.
656 500 685 573 l.
705 504 751 576 23
767 531 804 574 n.
829 502 907 575 165.
921 505 1043 602 Atque
1056 502 1171 600 hujus
1181 518 1328 575 seuten-

157 652 162 657 -
200 622 208 626 ’
251 602 310 677 tite
330 603 474 675 ridetur
491 599 657 703 expressi
685 627 762 673 esse
780 603 824 674 D.
853 599 924 674 Th.
943 600 1067 701 suppl.
1091 628 1129 700 q.
1153 601 1198 698 37
1219 597 1328 673 autb

248 701 298 773 ad
314 702 354 791 5,
375 728 460 776 eum
485 700 537 773 ibi
559 699 680 772 dicat:
696 698 741 771 Iri
756 701 833 798 piso
851 698 951 772 Libri·
963 699 1105 773 datione
1128 698 1335 795 imonior'tur'

136 796 139 809 ’
249 797 439 872 character.
467 800 595 888 Ratio,
647 797 705 870 uia
727 798 766 869 in
792 796 958 873 Concilio
976 797 1140 872 Floreat.
1159 797 1237 870 soie
1257 812 1329 868 tra·

251 895 342 970 ditio
359 896 461 970 Libri
476 825 761 996 Evangeiiosum
778 899 981 994 assignatur
993 923 1061 998 pro
1080 896 1230 970 materia
1243 896 1327 969 Dia·

251 994 415 1068 constris.
437 998 488 1071 Et
504 995 590 1068 lieet
608 1021 786 1069 manuum
811 996 994 1094 impositio
1007 997 1053 1068 sit
1069 994 1267 1069 necessasia
1284 1016 1329 1065 ex

250 1107 436 1193 praecepto
458 1094 658 1181 Rectene,
679 1108 802 1167 temen
819 1121 895 1166 non
912 1110 965 1166 est
980 1094 1025 1167 de
1038 1095 1219 1181 essentia,
1238 1116 1326 1166 cum

250 1193 299 1265 sit
311 1195 402 1267 ritus
420 1192 609 1267 dumtaxat
627 1191 766 1293 abipsa
785 1191 971 1282 Ecclesia,
991 1190 1065 1268 siri
1080 1189 1126 1265 ab
1143 1188 1328 1291 Apostoiir

250 1292 506 1382 introductus,
527 1306 568 1366 ut
586 1292 751 1391 loquitur
766 1293 965 1391 Gregorius
984 1292 1048 1366 lx.
1068 1296 1108 1365 in
1122 1316 1203 1390 cap.
1218 1289 1327 1361 Pres-

247 1389 348 1489 byter
367 1392 412 1463 de
430 1392 584 1465 Sacram.
605 1415 677 1462 noo
692 1390 840 1485 iterandi
860 1389 923 1464 ubi
942 1390 994 1465 sic
1010 1382 1146 1464 dicitur
1159 1417 1169 1459 r
1183 1386 1332 1485 Presby·

249 1488 543 1561 teretDiaconus
567 1513 645 1561 cum
671 1487 898 1577 ordinantur,
925 1498 1055 1560 moniis
1068 1487 1328 1586 inpositionem

250 1600 344 1658 tactu
366 1585 541 1679 corporali
560 1586 646 1676 (rz'tu
660 1583 706 1659 ob
727 1586 909 1683 Apostolis
923 1586 1114 1659 sistrodurto
1125 1630 1135 1677 ,i
1150 1582 1329 1680 reciprirnt.

250 1681 412 1757 Secunda
426 1683 512 1757 verb
524 1687 702 1757 sententia
720 1683 908 1766 dicit,esse
924 1684 1040 1760 solam
1056 1685 1334 1785 impositionem

251 1807 454 1867 manuum
474 1800 509 1854 et
529 1782 624 1856 banc
645 1798 772 1857 teuent
788 1783 923 1857 Jueuin
942 1797 969 1857 tr
985 1808 1006 1883 7
1024 1810 1104 1884 pag.
1123 1786 1197 1880 589
1209 1779 1329 1855 Merb.
1370 1792 1376 1799 “

252 1906 335 1979 pag.
356 1881 426 1979 293
446 1907 482 2053 (p
512 1883 570 1974 48.
589 1881 777 1982 Tourneiy
803 1895 829 1959 t.
858 1907 899 1956 ιο
922 1907 1003 1981 pag.
1020 1887 1088 1981 ²⁴7
1103 1880 1329 1976 Habertop

168 1984 174 1989 ’
282 2034 290 2052 .
310 1980 331 2054 5
348 2006 434 2055 oum
471 1980 619 2067 ioriuo,
640 1995 677 2054 et
686 1979 853 2061 Bouario,
879 1979 966 2053 item
977 1981 1171 2059 Scotus.S.
1187 1979 1327 2052 boner.

248 2003 367 2174 bajas.
382 2094 416 2150 et
434 2077 600 2151 Duraud.
620 2078 720 2175 apud
738 2078 871 2152 Escob.
894 2106 919 2150 n
955 2079 1033 2172 167.
1051 2078 1233 2152 Probatur
1251 2103 1264 2150 r
1284 2099 1332 2150 eir

251 2174 334 2249 Act.
351 2174 469 2264 6‚ubi
491 2201 577 2248 cum
595 2201 714 2251 sermo
731 2174 911 2251 habeatur
931 2176 977 2251 de
994 2176 1235 2251 Ordinatioue
1251 2176 1334 2274 pri·
1421 2258 1429 2267 ‚

250 2298 395 2349 morum
421 2274 861 2361 Diacouorum,tanti1m
887 2277 1128 2375 impositionis
1151 2298 1333 2347 manuum

251 2374 294 2446 fit
312 2373 475 2448 mentio:
493 2372 643 2445 Orontes
665 2372 905 2471 rinposoerunt
919 2376 970 2447 eis
989 2400 1128 2447 monus.
1149 2371 1333 2447 Probatur

251 2497 274 2546 2
294 2498 337 2546 es
360 2471 527 2547 Concilio
546 2469 713 2570 Cartbag.
740 2470 807 2545 IV;
825 2471 913 2547 Cen.
940 2471 963 2546 5
988 2470 1051 2545 ubi
1067 2471 1202 2549 dicitur
1217 2500 1226 2544 ε
1242 2472 1332 2543 Cum

251 2570 435 2646 Diaconos
456 2568 656 2655 ordtbotur,
671 2570 769 2643 solur
792 2570 989 2669 Episcopus
1007 2596 1134 2644 manos
1156 2595 1332 2664 superco-

248 2685 314 2768 put
326 2667 401 2762 ejus
410 2685 535 2767 ponat.
551 2667 732 2743 Probatur
746 2667 768 2741 3
785 2693 828 2741 ex
842 2671 913 2742 ritu
922 2668 1108 2744 »Ecclesiae
1122 2668 1277 2755 Graecae,
1292 2667 1333 2740 in

254 2794 326 2868 qua
344 2767 497 2842 Diaconi
516 2793 581 2866 per
606 2767 722 2843 solam
745 2767 1017 2866 impositionem
1034 2793 1213 2841 manuum
1228 2763 1334 2839 ordi·

252 2883 403 2941 nantur.
422 2863 641 2960 probaturi
663 2866 826 2955 ratione,
844 2867 929 2967 quia
950 2865 1012 2939 illa
1031 2882 1085 2941 est
1098 2867 1248 2939 materis
1263 2865 1334 2936 Sa·

253 2965 430 3041 eramenti
441 3021 451 3055 ,
463 2966 500 3037 in
516 2971 621 3060 cujus
633 2964 881 3064 applicatione
895 2965 1050 3039 traditur
1061 2965 1216 3064 Spiritus
1224 2987 1334 3037 senc-

254 3077 337 3148 tus,
362 3062 495 3163 nempb
519 3066 631 3162 gratie
654 3064 899 3151 Sacramenti;
927 3089 1014 3136 cum
1031 3061 1116 3138 verb
1130 3063 1168 3136 in
1184 3060 1335 3160 imposi-

253 3162 353 3234 tione
368 3187 546 3235 manuum
562 3161 726 3237 tradatur
745 3162 919 3237 Diaconis
932 3162 1088 3261 Spiritus
1106 3175 1272 3244 sanctus,
1290 3171 1336 3232 ut

255 3274 355 3374 patet
370 3284 413 3333 ex
432 3261 547 3335 forma
561 3320 569 3347 ,
585 3260 717 3356 Asopis
727 3258 889 3358 Spiritum
903 3276 1062 3334 sunctum
1072 3263 1123 3332 ad
1131 3259 1252 3347 robur,
1265 3271 1331 3331 etc.

253 3354 338 3431 rdet
364 3357 439 3431 sola
464 3360 649 3456 impositio
676 3383 852 3431 manuum
874 3371 930 3433 est
952 3360 1103 3433 materia
1133 3355 1336 3453 mentiatis

242 3452 498 3545 'Diaconatbs3
519 3475 556 3531 et
580 3456 680 3560 quod
706 3462 831 3531 reveri
854 3455 929 3530 iilis
956 3454 1095 3543 verbis,
1112 3455 1243 3555 Accipe
1268 3469 1336 3529 etc.

256 3554 421 3629 tradetur
441 3557 597 3654 Spiritus
614 3570 781 3639 sauctus,
806 3554 904 3629 clari
923 3558 989 3652 (ut
1012 3556 1194 3648 diximus)
1207 3568 1335 3627 osten·

256 3652 311 3729 dit
333 3654 594 3729 Tridentinum
614 3679 700 3728 sese.
730 3654 776 3729 23
796 3654 883 3727 Cen.
908 3654 932 3748 4
958 3652 1022 3729 ubi
1038 3683 1046 3725 ε
1064 3653 1192 3753 Sr‘quis
1205 3650 1338 3725 diserti

250 3781 318 3854 per
341 3780 480 3827 sacram
507 3752 770 3827 Ordinatiooem
789 3777 862 3825 ooo
879 3752 960 3825 dori
970 3751 1132 3852 Spirr'tum
1148 3765 1337 3836 sanctum,

254 3879 300 3926 oc
317 3848 609 3951 proindtsrestrri
633 3851 831 3950 Episcopos
855 3851 968 3923 dr'crra
987 3881 999 3922 .·
1016 3850 1147 3949 Accius
1172 3848 1339 3943 Sporum

201 3950 208 3973 ¹
254 3949 658 4025 sonetum...onothemo
678 3949 735 4022 sit.
755 3950 832 4023 Neo
857 3947 975 4023 obstat
999 3963 1117 4023 textus
1144 3948 1337 4046 oppositus

254 4047 296 4124 iu
310 4047 409 4126 dicto
428 4076 510 4153 cap.
528 4048 720 4152 Presbyter
732 4074 747 4153 ξ
760 4074 848 4135 uem
865 4047 1142 4151 (stropundst
1156 4044 1335 4132 tetum.
1395 4066 1401 4077 ·
