2917 4709
309 254 390 345 (inp.
401 255 443 321 n.
454 253 542 323 Dub.
560 256 602 323 ll.
619 219 1047 327 rasomonorum.
1154 256 1219 326 555
1304 321 1307 328 .

139 359 269 437 'durinc
292 369 347 440 acl
358 366 506 441 honesto
525 368 640 441 labore
653 372 802 444 lucratur
814 423 823 458 ‚
833 387 921 469 putu
936 371 1033 469 quod
1042 369 1089 451 sit,
1103 368 1220 442 Musi-

140 486 229 553 cust,
249 466 423 564 Magister
447 466 711 553 Grammatico,
728 468 872 553 Pictor,
892 468 1067 568 Scnptor,
1086 485 1149 540 aut
1164 468 1219 541 ol·

136 560 244 633 terius
256 563 513 660 profissiom's,
529 591 601 638 non
615 580 734 664 potest
738 568 955 664 promoveri,
971 565 1112 639 ctrilrnsr'
1125 565 1165 637 id
1173 565 1222 639 sit

140 661 315 751 srrfficims
326 662 377 733 ud
385 664 670 736 sustcnrun'oncm
685 661 871 737 vitmltem
882 664 941 738 die
952 664 1093 778 a3maji
1114 664 1219 764 1609.

138 754 174 826 S.
199 758 315 857 Cong.
345 761 557 860 respondit:
574 760 728 834 Grudum
742 763 956 836 Doctoranls
969 766 1041 836 idm
1054 786 1091 834 m
1106 760 1219 835 Theo·

137 853 232 952 logio
247 913 256 940 ‚
274 860 377 955 qudm
391 860 479 931 Jurc
495 860 672 932 Cunom‘co
688 885 761 934 non
779 885 858 933 csse
879 862 1034 947 trinium,
1052 862 1102 932 od
1116 886 1219 959 quern

138 954 264 1050 &diluis
287 956 338 1026 ad
352 982 474 1030 suctos
492 957 641 1030 Ordines
656 958 858 1054 promoveri
870 972 997 1056 puceu
1014 959 1083 1030 scd
1093 955 1222 1056 requiri

138 1056 281 1124 omnmo
298 1053 575 1152 vcchneficium
587 1058 643 1128 oc!
648 1054 901 1128 Patrimonium
912 1055 1219 1153 adoriumpromo·

140 1150 681 1226 vendihonestisustentandum
692 1155 879 1247 sufficiens.
895 1155 1010 1244 Ratio,
1020 1152 1217 1254 quiaTrid.

135 1250 282 1335 statuit,
302 1251 399 1348 quod
418 1252 646 1325 ordinandus
669 1277 744 1325 non
765 1251 888 1326 solium
909 1252 1043 1326 habere
1064 1250 1218 1341 debeat,

138 1347 239 1422 und&
250 1345 358 1438 'vivat
371 1350 436 1422 sed
449 1351 623 1439 etiim‚ad
642 1350 826 1423 evitandas
844 1350 991 1424 fraudes
1007 1364 1217 1439 eterrures,

140 1447 364 1539 praescrihit,
378 1447 477 1545 quod
494 1448 653 1548 legitimi
669 1463 833 1523 constare
851 1448 993 1536 debeat,
1002 1474 1088 1522 eum
1096 1450 1217 1520 Bene·

121 1541 252 1640 ficr'um
274 1545 369 1644 (sivi
390 1547 674 1633 Patrimonium)
689 1548 837 1642 pucffici
857 1547 1047 1641 possidere.
1070 1546 1217 1640 Quibus

136 1642 255 1716 verbis
280 1645 445 1720 excludit
465 1672 737 1746 quamcumque
765 1671 869 1743 spem
894 1645 1143 1746 acquisitionis
1169 1645 1217 1718 de

134 1738 281 1830 l'uturo,
302 1771 388 1818 cum
408 1744 484 1820 haec
499 1771 581 1846 spes
594 1769 661 1844 per
674 1745 946 1834 infirmitatem,
964 1742 1023 1818 vel
1040 1743 1143 1817 aliud
1155 1770 1217 1817 ac·

136 1838 265 1913 cidens
281 1843 437 1918 deficere
454 1844 580 1945 possit.
731 1909 734 1924 ,
1186 1909 1189 1918 .
1253 1905 1255 1910 .

183 1939 306 2031 Quaer.
325 1942 369 2015 11.
389 1946 470 2031 An,
493 1942 524 2015 si
544 1942 666 2030 lilius,
685 1943 800 2014 invito
823 1956 995 2039 parente,
1021 1938 1133 2014 vellet
1148 1939 1274 2053 ὅμως)

133 2037 341 2113 cordolium
355 2068 394 2114 su
439 2043 538 2142 ipere
553 2055 760 2127 ,teneretur
771 2043 870 2136 pater
881 2038 937 2112 illi
950 2039 1216 2113 Patrimonium

136 2137 318 2238 assignare
335 2138 398 2213 ill
440 2140 636 2212 rmandum
658 2154 712 2211 est
728 2165 815 2213 cum
831 2136 963 2210 Sanch.
991 2135 1037 2210 de
1055 2138 1215 2213 Matrim.

136 2235 202 2308 lib.
222 2237 295 2332 rid.
315 2235 361 2309 26
378 2266 415 2314 u.
435 2242 469 2332 4.
488 2237 595 2311 Barb.
613 2236 688 2311 All.
715 2263 811 2333 1911.
831 2239 877 2310 63
898 2262 984 2308 cum
1002 2234 1216 2336 Campanile

135 2350 172 2411 et
185 2337 370 2411 Genuensi
390 2395 397 2421 ‚
417 2365 458 2410 ac
474 2338 585 2410 Salm.
603 2363 635 2411 o.
651 2339 676 2410 6
692 2363 726 2406 n.
743 2341 801 2429 87.
821 2333 957 2407 Philib.
974 2349 1032 2408 etc
1062 2335 1142 2408 Ιιιιὸ
1156 2336 1216 2408 isti

136 2433 286 2518 dicunt,
310 2434 356 2506 ad
374 2435 444 2510 hoc
459 2462 563 2535 posse
578 2435 658 2533 cogi
673 2440 690 2505 ia
704 2435 726 2507 J
729 2436 834 2506 adice
847 2433 1105 2508 Ecclesiastico
1122 2460 1131 2522 ;
1151 2460 1215 2530 pa-

134 2533 223 2606 riter
239 2559 281 2606 ac
295 2548 395 2629 pater
410 2537 488 2632 cogi
504 2549 622 2635 potest
634 2532 682 2606 ad
698 2531 974 2630 assignandam,
989 2530 1100 2631 proiit
1113 2547 1217 2608 tene·
1346 2587 1347 2590 ,

134 2645 220 2712 tur,
247 2629 370 2703 dotem
396 2633 506 2717 filim,
534 2657 616 2745 quc
642 2629 794 2726 dignum
822 2629 1096 2702 Matrimonium
1123 2656 1216 2703 con-

135 2727 268 2812 traxit,
292 2730 348 2800 vel
372 2755 456 2827 quae
476 2742 579 2827 cupit
594 2728 819 2823 Religionem
837 2727 1004 2826 ingredi,
1026 2742 1066 2801 ut
1085 2726 1217 2801 dicunt

132 2827 274 2920 Lopez,
296 2840 332 2898 et
346 2826 483 2902 Adran.
504 2827 604 2925 apud
619 2826 731 2902 Salm.
749 2826 839 2898 ibid.

183 2927 307 3018 Quaer.
334 2926 395 2997 ill.
425 2927 483 2998 An
510 2925 676 2997 incurrat
698 2948 850 3020 poenam
874 2923 1125 3024 suspensionis
1148 2924 1271 3025 quim-0

132 3024 326 3099 ordinatur
342 3028 423 3096 sinc
437 3021 680 3122 patrimonio,
698 3037 761 3094 aut
774 3022 956 3096 Beneficio
967 3024 987 3094 i
999 3022 1122 3094 Pruna
1136 3049 1215 3097 seu·

132 3124 244 3197 tentia
258 3137 363 3218 negat
377 3147 464 3195 cum
479 3122 569 3194 Viva
584 3148 621 3219 q.
638 3146 658 3220 7
677 3134 744 3192 art.
759 3124 782 3213 4
801 3146 837 3192 ιι.
851 3120 877 3194 6
891 3135 928 3195 et
940 3121 1024 3196 Tol.
1038 3120 1212 3214 Coccina,

132 3223 231 3295 Phil.
249 3222 356 3294 Dian.
379 3222 492 3295 Henr.
511 3235 548 3292 et
562 3219 641 3293 aliis
662 3216 762 3313 apud
780 3216 891 3293 Salm.
908 3246 940 3293 c.
956 3220 1032 3295 611.
1049 3243 1108 3319 72.
1126 3247 1214 3295 cum

134 3320 236 3418 Sayr.
255 3318 391 3393 March.
407 3316 550 3393 etGob.
567 3319 666 3418 apud
679 3318 787 3392 Croix
802 3345 841 3390 n.
864 3316 957 3394 2283
972 3319 1060 3391 item
1073 3319 1211 3393 Escub.

134 3442 173 3492 n.
194 3415 266 3491 366
283 3442 369 3490 oum
387 3416 470 3492 Tul.
490 3416 614 3500 Avila.
634 3415 744 3489 Rodr.
765 3416 918 3513 Heariq.
934 3414 1079 3491 Vivald.
1096 3417 1215 3494 Diana

134 3531 172 3590 ct
190 3514 393 3589 Marchino.
416 3515 522 3588 Hanc
542 3515 761 3588 senteutiam
785 3515 915 3588 meritd
931 3516 1018 3589 satis
1036 3512 1215 3614 probabi-

133 3613 209 3689 lem
232 3626 365 3715 putant
390 3611 501 3686 salin.
530 3616 641 3714 quia,
665 3613 754 3685 licet
771 3612 809 3686 in
833 3641 867 3687 c.
897 3613 1093 3687 Neminem
1112 3669 1124 3700 ‚
1140 3629 1212 3689 etc.

132 3715 376 3798 Sanctorum,
397 3711 491 3784 Dist.
518 3736 564 3808 70
581 3713 792 3813 imponatur
808 3712 998 3811 suspensio
1020 3711 1100 3808 ipso
1117 3709 1213 3788 iacto

134 3813 180 3886 ab
199 3814 370 3885 exercitio
387 3808 537 3885 Ordinis
554 3812 713 3909 suscepti
729 3810 810 3895 illi,
834 3813 898 3910 qui
921 3810 1006 3883 ficto
1025 3807 1132 3882 titulo
1149 3835 1212 3885 or-

132 3910 308 3985 dinatur:
328 3908 545 3983 attamenin
568 3934 650 4008 cap.
674 3907 769 3984 Cum
786 3906 1004 3981 secundum.
1023 3906 1077 3980 De
1096 3908 1210 3985 Praeb.

135 4005 262 4083 innoc.
292 4008 357 4083 ΠΙ.
398 4007 494 4080 hanc
536 4030 681 4107 punam
716 4006 874 4088 ordinati
908 4007 1147 4081 commutavit
1171 4010 1212 4084 in

133 4104 396 4206 obligationem
413 4104 618 4183 ordinantis
635 4103 682 4181 ad
701 4131 788 4181 cam
799 4103 980 4180 alendum
992 4155 1003 4195 ,
1016 4119 1059 4179 ut
1072 4104 1126 4180 ibi
1144 4132 1211 4182 na·
