2917 4709
269 207 337 295 574
498 206 572 275 Lib.
588 204 647 276 tn.
662 202 769 274 Tract.
780 205 840 276 vl.
852 150 1136 276 uebtatnmnto.

273 318 464 393 nofredus
484 319 531 393 ιι
553 294 591 394 ι.Ι
605 318 721 394 rurus
739 319 777 393 ff.
799 316 844 392 ac
866 320 951 393 ιιι
966 318 1082 416 nupt.
1103 332 1141 391 et
1155 313 1364 393 norman:

272 443 311 489 n.
341 416 406 493 168
431 445 473 492 ac
491 419 642 492 Gonzal.
664 422 702 489 in
720 419 756 489 d.
777 443 810 493 c.
829 418 908 493 Tua
928 446 965 491 ιι.
986 422 1057 513 8.)
1078 441 1153 489 non
1169 414 1355 503 invalida·

272 513 364 587 baut
384 518 473 590 tales
494 519 662 614 nuptias,
681 517 747 592 sed
766 515 911 590 tantinn
927 538 985 589 eae
1006 513 1211 589 reddebant
1230 513 1352 589 civili·

273 627 329 685 ter
343 616 480 703 irritas;
500 618 633 785 nempe
648 614 772 713 qubad
786 613 883 687 solos
900 612 1050 689 effectus
1069 609 1276 687 contractio
1293 611 1354 684 ci·

273 711 376 799 vilis,
396 713 503 807 proiit
523 713 589 786 dec
608 714 719 787 aravit
731 712 939 788 Ludoricus
951 710 1048 788 xm.
1068 713 1108 784 in
1127 713 1251 810 Regno
1264 708 1353 783 Gal·

271 806 405 881 liartnn
425 810 522 908 apud
539 812 676 884 Toum.
698 828 721 884 t.
752 840 787 885 tt
812 840 847 911 p.
874 812 950 905 rori.

325 907 440 980 Tertia
458 910 636 982 sententia
660 908 760 992 dicit,
783 907 907 1009 quod,
928 911 958 983 ei
981 903 1353 983 filiifamitinttaui·

270 1007 440 1078 monium
457 1008 701 1097 contrahunt,
718 1006 792 1081 sivb
805 1007 1021 1082 inconsultis
1040 1004 1263 1107 parentibus,
1277 1001 1359 1077 eivb

272 1103 396 1176 invitis
410 1160 420 1192 ‚
436 1102 561 1177 illicitir
579 1107 728 1203 quidem
745 1105 963 1182 contrahant
977 1163 986 1190 ,
1002 1119 1039 1179 ut
1063 1124 1127 1204 per
1143 1128 1181 1175 ae
1194 1096 1352 1202 loquen-

275 1200 323 1275 do
338 1228 412 1274 non
430 1218 582 1301 peccent
595 1205 818 1289 mortaliter,
836 1206 899 1278 ned
916 1201 1056 1277 tantbm
1073 1201 1284 1287 venialiter3
1303 1198 1353 1271 itt

272 1299 406 1372 Palans
428 1330 460 1393 p.
488 1329 527 1373 tr
546 1330 583 1373 ιι.
609 1329 661 1376 ιι.
681 1305 782 1378 Boea.
800 1329 834 1378 c.
852 1330 890 1376 ιι
911 1330 947 1374 ιι.
965 1305 1023 1399 87.
1044 1299 1151 1374 Elbel
1172 1326 1209 1400 p.
1227 1298 1352 1397 ddssu,

273 1422 309 1495 9.
328 1394 456 1471 Tamb.
476 1398 563 1473 Dec.
582 1397 606 1471 l.
621 1401 643 1473 5
660 1427 691 1474 c.
712 1428 731 1474 ι
781 1400 802 1474 3
823 1425 926 1474 num.
944 1401 978 1475 6.
994 1400 1101 1475 Renni
1117 1426 1154 1496 p.
1173 1398 1241 1488 nod
1259 1421 1296 1495 q.
1317 1419 1355 1468 ι.

233 1496 236 1506 ’
273 1495 418 1568 Holzm.
440 1523 476 1568 ιι.
504 1523 568 1595 ⁸72
584 1522 667 1570 curn
684 1500 848 1588 Plenior,
867 1501 971 1594 Spor.
991 1524 1027 1570 n.
1047 1498 1116 1571 206
1134 1522 1218 1570 cum
1240 1495 1354 1566 Henr.

272 1593 363 1666 Lod.
384 1611 419 1667 et
438 1593 532 1670 Gob.
555 1622 596 1669 ac
610 1594 718 1670 Salm.
741 1624 773 1670 c.
793 1599 818 1673 6
838 1623 876 1672 ιι.
895 1622 941 1671 22
957 1622 1040 1668 eum
1063 1596 1193 1668 Covar.
1211 1593 1352 1666 Victor.

272 1690 431 1780 Aversa,
451 1693 530 1767 Dic.
545 1709 581 1766 et
596 1693 750 1794 Henriq.
769 1690 895 1777 Ratio,
914 1694 999 1793 quia
1015 1692 1102 1767 licet
1122 1692 1188 1765 filii
1206 1706 1356 1763 tenean-

272 1804 336 1862 tur
347 1791 415 1865 lroc
426 1792 642 1893 obsequium
651 1809 819 1892 prestare
829 1789 1191 1892 parentibuu‚nempb
1201 1814 1263 1863 eos
1272 1812 1358 1861 cun·

269 1891 422 1963 nolendi
432 1892 470 1962 in
485 1917 522 1963 re
535 1897 607 1962 tam
620 1896 724 1987 gravi.
735 1892 814 1964 haec
826 1904 947 1963 tamen
961 1889 1133 1987 obligatio
1146 1910 1223 1961 non
1236 1898 1357 1987 potest

275 2013 352 2061 esse
366 1990 503 2087 gravis,
523 1987 674 2086 quando
688 1989 754 2061 filii
771 2006 898 2062 eorum
914 1992 1068 2062 consilio
1084 2001 1182 2060 staro
1192 2009 1267 2059 non
1283 1984 1357 2058 ob·

274 2090 506 2183 stringuntur
521 2112 530 2173 3
546 2088 629 2159 satin
647 2102 768 2161 antem
785 2087 839 2160 vel
854 2112 919 2185 per
931 2112 969 2159 ue
984 2142 994 2175 ,
1008 2087 1061 2159 vel
1077 2111 1144 2186 per
1158 2083 1248 2157 aliua
1262 2085 1357 2157 viror

272 2186 477 2283 prudentes
502 2184 651 2258 aliunde
675 2185 793 2289 valent
818 2209 1061 2283 cognoscere,
1092 2206 1176 2283 qnae
1201 2181 1298 2256 cirea
1317 2178 1358 2253 id

275 2297 468 2354 occurrere
482 2298 634 2379 possunt
648 2281 692 2369 rb
706 2308 880 2356 converso
897 2295 1064 2379 parentes
1076 2294 1266 2380 nequeunt
1277 2302 1355 2351 enee

273 2380 541 2454 rationabiliter
559 2382 714 2478 graviter
736 2382 862 2468 inviti,
889 2380 988 2478 quod
1013 2405 1138 2453 eorum
1157 2375 1359 2454 consiliunt

274 2504 351 2550 non
372 2504 414 2550 ex
443 2479 584 2552 nitatur
600 2480 638 2551 in
659 2504 717 2563 re,
745 2504 826 2577 quar
850 2475 1018 2552 absolutb
1042 2476 1177 2576 pendet
1193 2474 1240 2549 ab
1260 2473 1359 2547 elec-

274 2576 374 2659 tione
395 2506 608 2649 liberorum.
628 2577 663 2650 Si
684 2576 806 2652 autem
827 2574 893 2651 filii
913 2602 989 2651 uon
1007 2590 1179 2649 tenentur
1196 2571 1359 2667 (saltbm

274 2674 345 2745 sub
362 2676 487 2773 gravi)
508 2689 700 2771 parentum
722 2675 921 2749 consilinm
939 2673 1069 2774 aequi,
1089 2688 1132 2757 ut
1147 2670 1358 2751 concedunt

273 2773 353 2846 DD.
369 2773 540 2846 secundae
552 2777 751 2856 sententiar,
766 2801 838 2848 non
855 2772 958 2847 adest
973 2775 1074 2863 ratio,
1089 2798 1155 2845 eur
1172 2770 1241 2844 sub
1257 2768 1356 2867 gravi

273 2887 467 2944 teneantur
488 2896 550 2944 eos
572 2873 765 2945 consulere
780 2898 790 2959 3
813 2868 916 2945 tanto
931 2871 1045 2967 magis
1061 2924 1069 2957 ,
1084 2869 1171 2969 quia
1189 2882 1358 2968 parentet

273 2973 389 3067 magis
415 2984 453 3042 sc
480 2971 686 3043 existimant
712 2971 891 3056 offensor,
919 2973 948 3043 ei
971 2970 1036 3042 filii
1062 2971 1208 3067 nuptias
1233 2968 1359 3039 ineunt

273 3067 361 3165 ipsis
380 3069 500 3139 invitis
516 3084 598 3168 post
617 3069 815 3142 consilinm
832 3069 979 3147 datum.
1025 3070 1111 3139 ubm
1128 3068 1215 3162 ipsis
1232 3068 1359 3137 incon·

275 3164 396 3237 sultis.
417 3166 534 3261 quue
558 3164 663 3239 tantd
680 3168 792 3263 magia
807 3165 926 3250 valet,
943 3165 972 3237 ei
995 3092 1091 3237 dbins
1110 3160 1268 3263 judicet,
1289 3187 1358 3260 pa·

275 3278 395 3334 rentes
410 3289 484 3335 nun
502 3265 655 3362 graviter
669 3265 827 3345 laturos.
850 3262 1123 3336 Matrimonium
1147 3259 1243 3333 illud
1264 3285 1356 3333 con·

275 3360 369 3433 trahi
386 3361 474 3460 ipsis
491 3361 624 3434 insciis.
647 3361 725 3436 Ιιιιὸ
745 3359 896 3435 minimb
917 3359 1221 3457 peccabitiiliu'e,
1245 3360 1276 3430 ai
1296 3382 1357 3431 re·

273 3474 392 3574 putet,
413 3475 582 3561 parentes
605 3462 643 3533 in
661 3485 705 3534 co
723 3461 880 3533 libenter
902 3483 1164 3533 conaerrauros.
1181 3457 1238 3530 vel
1258 3458 1358 3553 ipsos

273 3558 413 3655 ιιιῇιιιιὲ
425 3559 667 3654 impedituros
681 3561 710 3629 ai
723 3558 982 3639 coueulnntnr,
1000 3572 1039 3629 ut
1052 3556 1140 3630 dicit
1150 3553 1260 3630 Barb.
1279 3553 1303 3623 l.
1321 3579 1355 3625 c.

274 3683 360 3727 cum
382 3658 473 3730 Con.
489 3657 622 3731 Sanclr.
648 3672 684 3729 et
699 3655 877 3758 Vasqrec
901 3656 1001 3729 ane.
1026 3681 1059 3729 e.
1088 3682 1123 3728 ιι
1149 3679 1186 3725 ιι.
1205 3659 1245 3728 8ι
1270 3676 1359 3726 cum

272 3753 446 3829 Bellarm.
464 3752 554 3851 Nar.
573 3757 671 3855 Suyr.
689 3756 790 3828 Guu.
805 3767 873 3829 etc.
888 3752 1005 3870 idque
1023 3755 1107 3827 satis
1123 3750 1301 3865 probatur
1313 3773 1359 3822 cx

274 3852 356 3926 eod.
373 3852 542 3927 Trident.
566 3848 602 3929 d.
622 3880 655 3926 c.
680 3880 693 3926 ι
720 3879 809 3927 rene.
828 3858 874 3945 al
893 3852 957 3926 ubi
981 3848 1199 3927 conceditur
1224 3848 1356 3925 Matri·

271 3954 440 4026 monium
460 3950 626 4025 contrahi
645 3950 788 4026 ominsie
811 3949 1177 4043 denunciationibua‚
1205 3948 1241 4020 si
1236 3943 1360 4043 suerri

263 4047 457 4150 vadabilis
483 4049 654 4181 suspicio,
689 4045 955 4131 normanum
980 4047 1152 4131 natine
1194 4041 1361 4148 hupedr'n'
