2917 4709
239 260 304 311 a'oo
347 242 422 309 Lib.
439 242 498 311 VI.
517 242 626 310 Truct.
642 235 703 308 IV.
721 241 772 308 De
786 237 991 309 Sacramenta
1005 236 1216 307 Paenitentia.

237 358 390 428 servatio
415 354 526 453 liujus
562 377 727 426 censure
754 368 960 451 perseverat
989 349 1135 425 tantiam
1168 349 1327 421 durante

238 455 469 525 contumacia
491 509 501 539 ,
520 450 621 525 uude
644 450 793 550 expirat·
812 449 906 524 facia
926 450 1234 536 denunciatione,
1261 459 1326 518 aut

236 567 385 625 mortuo
412 550 674 625 denunciando
693 571 704 642 ;
728 549 842 649 idque
867 548 980 623 infert
999 550 1128 649 Lupus
1151 571 1194 619 er
1213 541 1325 619 edicti

236 650 354 722 verbis
370 706 378 735 ,
402 673 486 750 quae
501 674 579 723 esse
593 649 733 723 solent:
751 649 785 720 E
800 650 895 721 dallo
910 649 1005 720 detta
1020 645 1223 719 scamonisa
1235 667 1326 713 nes·-

237 775 328 819 snno
345 805 354 837 ,
369 773 409 819 sa
430 774 504 820 non
525 750 571 822 da
594 750 718 837 noi,o
745 748 810 818 dal
826 771 988 846 supremo
1007 744 1192 818 Tn‘bunale
1213 739 1325 823 dele.

237 846 360 937 Officio
376 902 386 935 ,
404 848 507 942 potul
522 869 638 919 essars
658 844 1019 944 ossalu10,seprima
1038 840 1111 915 non
1130 842 1217 913 nard
1235 840 1326 912 sad·

234 944 382 1039 datysus
395 949 435 1015 al
447 945 484 1016 S.
503 944 638 1037 Officio.
658 944 706 1018 Et
721 947 842 1016 revera
861 999 870 1033 ,
890 944 1035 1015 attentis
1054 939 1237 1042 praedictis
1253 963 1330 1011 rer·

235 1039 294 1113 bis
322 1043 445 1140 opinio
466 1044 561 1141 Lupi
582 1045 668 1117 satis
698 1039 901 1142 probabilis
935 1038 1177 1115 videmussed
1198 1050 1326 1112 contra

235 1138 299 1213 hic
318 1140 523 1214 notandum
538 1196 547 1225 ,
561 1141 682 1241 quod,
700 1144 730 1214 si
754 1142 837 1240 quis
861 1138 997 1239 injuste
1028 1151 1217 1219 accusaret
1236 1190 1246 1223 ,
1266 1133 1326 1209 sel

237 1262 410 1311 accusare
436 1240 608 1314 suaderet
638 1239 799 1338 aliquem
828 1240 1067 1314 Sacerdotem
1091 1236 1329 1311 innocentem

236 1335 282 1408 de
300 1335 584 1413 sollicitatione:
606 1340 813 1413 incurreret
830 1358 955 1412 nasum
970 1351 1192 1410 reservatum
1212 1335 1327 1431 Papa-

235 1433 333 1519 lem,
359 1435 422 1510 sed
441 1438 520 1521 sind
536 1461 689 1511 censura
710 1461 719 1527 ;
744 1435 856 1535 proiit
880 1433 1039 1513 habetur.
1057 1436 1096 1509 in
1118 1432 1228 1507 Bulla
1254 1434 1328 1505 Be·

235 1534 358 1609 nedio.
398 1532 496 1608 XIV.
536 1534 829 1624 Sacramentum,
861 1532 945 1607 data
981 1532 1039 1605 die
1067 1533 1189 1632 primo
1223 1528 1328 1605 Junii

241 1635 345 1729 ¹74¹·
371 1641 446 1733 jam
464 1633 575 1706 relata
597 1635 637 1707 in
665 1646 854 1706 extensum
878 1647 926 1706 to.
955 1633 983 1707 Ι.
1005 1636 1040 1705 in
1058 1633 1211 1704 Dissert.
1233 1629 1329 1702 Pro-

234 1727 430 1827 legomena
465 1731 534 1806 sub
563 1734 667 1805 initio
697 1758 781 1832 pag.
813 1731 950 1806 XXVI.
984 1729 1048 1801 uhi
1073 1731 1128 1802 sic
1159 1727 1327 1802 dicitur:

237 1826 466 1928 Quaecumque
474 1852 629 1923 persono
644 1883 653 1916 ,
674 1854 749 1929 qun
768 1828 960 1903 execrabili
974 1826 1181 1925 hujusmodi
1183 1824 1328 1925 flagello

234 1952 276 1998 sa
293 1928 547 2042 inquinaverit,
569 1928 625 1999 sal
638 1952 706 2025 per
723 1929 879 2026 seipsam
900 1928 1106 1999 innatantes
1126 1922 1328 2018 Confhssa-

233 2024 309 2097 rios
325 2026 428 2120 impii?
450 2024 696 2098 calumniando
714 2078 724 2111 ,
745 2028 800 2097 ael
810 2025 956 2097 scelesta
965 2025 1189 2123 procuranda
1207 2077 1217 2106 ,
1236 2036 1276 2094 ut
1292 2019 1333 2093 id

233 2119 282 2192 ab
297 2122 455 2218 alaisfiat
462 2173 569 2196 .....
597 2121 713 2219 impiis
735 2121 958 2197 suasionibus
974 2139 1036 2196 out
1048 2119 1255 2218 promissis,
1268 2131 1331 2191 out

234 2217 437 2310 blanditiis,
455 2221 656 2305 culminis,
674 2233 737 2295 out
754 2220 824 2292 alio
842 2218 1081 2319 quovismodo
1097 2234 1166 2293 etc.
1184 2218 1328 2293 Adres-

234 2329 321 2391 tunt
338 2333 462 2392 tamen
480 2317 592 2392 Salm.
611 2317 650 2390 in
672 2315 844 2416 Append.
867 2317 913 2391 de
938 2317 1046 2391 Bulla
1066 2318 1176 2392 Cruc.
1194 2343 1229 2390 c.
1247 2314 1272 2389 6
1288 2340 1330 2389 n.

235 2417 305 2488 231
328 2432 364 2488 et
378 2422 447 2492 232
462 2475 471 2506 ,
487 2417 525 2489 id
537 2414 693 2515 intelligi
713 2416 758 2489 de
778 2419 947 2490 suasione
959 2415 1178 2502 efficantias
1194 2430 1235 2488 ut
1250 2415 1332 2514 ipsa

234 2514 283 2586 sit
300 2538 410 2589 causa
428 2518 573 2613 injustae
592 2515 897 2591 denunciationis
918 2530 1066 2591 secuta.
1094 2513 1251 2589 Addunt
1264 2513 1328 2585 cit.

234 2636 275 2682 n.
294 2612 364 2685 232
382 2617 420 2686 in
439 2616 506 2687 fin.
522 2614 679 2713 intelligi
694 2670 704 2703 ,
721 2615 791 2687 nisi
817 2615 938 2688 suasio
970 2615 1058 2689 antis
1073 2613 1329 2689 executionem

235 2709 530 2807 denunciationis
548 2713 750 2787 efficaciter
763 2728 967 2789 revocetur.
1300 2762 1304 2769 ‹

283 2811 363 2883 Ho'c
378 2827 501 2891 tamen
517 2812 733 2913 procederet
748 2817 846 2910 justa
863 2813 1027 2886 edietum
1043 2808 1263 2910 particulare
1272 2810 1313 2882 In

234 2909 443 3006 quisitionis
465 2910 619 3007 alicujus
640 2908 777 3009 Regni,
793 2911 859 2986 sed
880 2913 917 2983 in
933 2911 1054 2984 edicto
1072 2909 1172 2983 edito
1186 2911 1204 2979 l
1220 2910 1328 2981 Sacra

231 3008 480 3107 inquisitione
497 3007 671 3082 Generali
696 3008 758 3082 die
784 3010 805 3083 3
827 3010 909 3084 Jan.
935 3037 982 3082 an
1013 3008 1103 3083 1623
1126 3006 1266 3103 (relato
1290 3007 1329 3081 in

233 3120 424 3180 extensum
451 3112 471 3180 a
500 3109 616 3180 Diana
632 3135 671 3208 p.
692 3112 715 3203 4
754 3108 795 3181 R.
815 3110 856 3200 4¹
880 3122 917 3181 et
932 3114 951 3181 l
967 3108 1059 3183 Bon.
1090 3107 1136 3179 de
1158 3108 1331 3183 Denunc.

231 3216 258 3275 t.
280 3229 301 3275 2
317 3206 353 3276 in
372 3205 445 3277 fine
463 3232 499 3304 p.
521 3231 596 3279 an.
620 3208 693 3301 ια.)
709 3203 877 3279 absoluit
900 3206 1034 3280 dieitur
1046 3262 1056 3293 ,
1069 3205 1164 3277 infra
1189 3230 1231 3278 12
1249 3202 1329 3276 dies

232 3326 311 3374 esse
334 3303 614 3379 denunciandoa
642 3303 857 3390 haereticos,
879 3304 1005 3378 sende
1027 3302 1155 3376 haeresi
1173 3328 1332 3403 quomo·

233 3399 374 3473 dolibet
387 3416 578 3498 suspectos
589 3458 598 3488 ‚
611 3401 681 3475 snb
699 3405 1079 3477 excommunicatione
1096 3404 1225 3501 majori
1245 3400 1330 3473 latre

231 3501 424 3574 sententiae
439 3516 620 3575 neser-rata
641 3503 771 3597 Papae,
790 3519 828 3576 et
846 3500 966 3575 eidem
979 3500 1188 3575 Tribunali.
1204 3502 1327 3573 Tenet

232 3613 357 3670 autem
371 3599 462 3672 Bon.
484 3597 559 3672 loc.
581 3626 614 3672 c.
627 3626 711 3673 cum
730 3599 832 3675 Suar.
851 3617 887 3674 et
903 3598 1118 3679 Sanctarell.
1134 3599 1205 3673 hoc
1219 3595 1325 3670 edio·

233 3712 316 3771 tum
345 3723 421 3770 non
451 3698 563 3770 fuisse
583 3715 824 3799 perpetuum,
843 3694 910 3771 sed
926 3697 1066 3772 tantiam
1088 3724 1153 3793 pro
1177 3697 1244 3770 illo
1263 3722 1330 3769 ac·

232 3808 296 3884 tn,
317 3822 403 3869 cum
431 3795 483 3869 ibi
507 3796 647 3871 dictum
672 3796 806 3872 fuerit:
827 3796 1049 3870 Mandamus
1072 3800 1246 3890 quotenus
1274 3794 1330 3864 in·

215 3891 287 3986 sad
311 3919 351 3965 ru
376 3895 451 3966 dics
474 3892 640 3992 proxime
655 3896 937 3990 computandos,
963 3910 1029 3971 otc.
1056 3892 1166 3969 Unde
1194 3893 1330 3966 dicunt

231 3993 371 4091 praelati
390 3993 466 4067 Aa.
483 3994 580 4067 illud
593 3997 757 4087 praxim!
775 3992 1031 4092 computandas
1044 3998 1133 4066 satis
1149 3992 1330 4067 ostende·

232 4089 397 4194 re,‚quod
412 4094 574 4172 noluerit
588 4092 833 4196 &Inquisitio
849 4092 1013 4192 obligare
1026 4095 1193 4170 conscios
1212 4090 1330 4168 deliu—
