2917 4709
396 149 478 243 cap.
488 150 516 219 1.
526 151 615 220 oo.
626 151 684 253 111.
700 151 751 219 ne
767 106 986 245 sponsane
1159 152 1234 247 399.

140 285 163 333 ιι
182 261 388 358 ,presertim
406 248 613 364 si'laliquam
629 262 814 335 infamiam
831 262 991 335 habeant
1007 258 1222 362 adjunctam

54 366 60 379 ”
144 383 164 423 o
193 366 247 449 (ν.
271 387 331 460 gr.
347 366 375 434 si
399 388 531 461 sponsa
554 362 609 452 ri,
633 364 688 435 vel
704 362 835 460 sponte
852 361 977 455 suisset
993 370 1192 460 corrupta)
1209 388 1221 451 ς

149 483 169 522 n
191 457 391 533 dommodo
403 478 522 542 tamen
534 463 757 547 contrariom
774 461 924 556 positivi:
939 459 1062 539 verbo,
1081 460 1221 534 factove

139 584 159 620 ι
190 583 264 628 non
283 557 455 640 simulct;
473 574 666 659 potestque
685 560 925 656 interrogatus
938 555 1035 629 licite
1050 555 1221 631 dissimu-

139 683 157 717 υ
188 653 285 742 lare,
304 671 342 729 et
358 650 574 741 contrahele
597 658 880 732 Matrimonium.
897 660 932 729 Si
952 656 1036 729 vero
1054 655 1218 731 desectus

140 782 157 816 a
189 756 263 826 sint
284 750 503 854 perniciosi,
524 781 556 829 r.
576 784 627 854 gr.
649 753 800 827 morbus
822 755 1074 852 contagiosus,
1101 758 1219 853 grauis

140 879 162 918 n
188 853 356 943 infamia,
380 853 452 928 sive
472 853 692 955 personalis,
707 851 780 926 sive
799 854 960 951 generis,
981 869 1044 925 ant
1058 853 1218 940 familiae,
1283 842 1293 861 ⁴

139 977 160 1016 n
188 976 263 1023 non
284 950 394 1038 licet,
421 955 561 1026 etiamsi
581 966 663 1052 post
688 949 872 1050 sponsalia
893 967 1079 1024 contractu
1101 955 1136 1023 in
1157 978 1218 1024 eos

139 1075 160 1115 n
188 1046 376 1141 inciderit,
396 1051 632 1135 contrahere,
658 1064 743 1122 tum
764 1074 892 1122 eorum
915 1052 1061 1148 ignaro,
1080 1050 1150 1122 nisi
1167 1052 1220 1125 si-

138 1174 157 1210 ι
188 1148 292 1221 miles
311 1148 474 1247 delectus
491 1152 569 1249 ipsc
591 1150 762 1250 patiatur.
782 1149 962 1221 Conioclr.
986 1148 1092 1221 Pont.
1111 1148 1219 1222 Dian.

137 1271 157 1309 n
188 1260 282 1343 part.
302 1248 323 1321 5
345 1264 367 1318 t.
386 1252 421 1342 4.
443 1248 563 1322 Resol.
585 1255 630 1347 87
656 1244 778 1319 ubi'ax
797 1248 889 1320 Con.
909 1262 945 1319 et
960 1246 1070 1319 Salm.
1091 1261 1220 1321 contra

137 1372 159 1410 n
188 1345 293 1417 Pont.
308 1342 395 1418 Nar.
412 1361 479 1421 etc.
496 1347 623 1433 infert,
645 1346 822 1446 Sponsam
840 1360 922 1445 post
935 1343 1117 1443 sponsalia
1132 1369 1220 1418 cor·-

136 1468 158 1510 ιι
186 1457 333 1542 ruptam
348 1472 453 1545 posse
467 1447 650 1544 Sponsum
671 1441 833 1517 desectio
852 1444 953 1515 istius
967 1443 1106 1516 occulti
1122 1446 1221 1542 igna-

137 1570 159 1609 ιι
189 1552 271 1614 rum
285 1569 411 1637 cogere
429 1543 476 1616 ad
492 1543 663 1616 standum
681 1539 937 1638 sponsalibus,
952 1555 988 1614 et
1001 1542 1219 1615 contrahen-

136 1667 155 1702 u
187 1639 276 1711 dnm
303 1642 587 1715 Matrimonium.
613 1641 675 1713 Ill.
702 1642 737 1712 Si
766 1665 896 1738 magna
920 1638 1068 1711 alterius
1095 1638 1219 1715 debita

138 1765 159 1805 ι)
188 1736 420 1837 detegantur,
448 1741 504 1814 rel
528 1766 632 1837 grave
655 1740 701 1812 sit
724 1738 930 1838 periculum
959 1735 1219 1826 fortunarum,

137 1863 156 1899 ι
186 1834 315 1921 famae,
341 1838 461 1921 morbi
490 1839 721 1939 pauperatis,
750 1852 819 1910 etc.
848 1837 901 1909 vel
930 1838 1070 1932 Sponsa
1093 1836 1219 1910 dotem

33 1976 40 1985 ,
136 1961 158 2001 n
187 1939 402 2049 promissam
417 1937 545 2010 afferre
560 1949 737 2033 nequeat,
758 1936 812 2005 v'el
826 1934 990 2030 'denique
1007 1935 1220 2105 si'Sp'onsus

140 2058 159 2097 n
187 2032 345 2132 incipiat
361 2036 482 2134 vagari
512 2044 597 2108 com
622 2032 860 2127 incommodo
881 2033 1057 2130 Sponsae,
1111 2059 1216 2108 onae.

135 2142 164 2198 ι’
185 2131 210 2203 l.
227 2159 260 2219 e.
276 2134 368 2233 Item
382 2136 515 2233 Sporer
528 2163 564 2206 n.
585 2137 665 2208 282.
682 2130 818 2205 Sanch.
834 2129 860 2202 l.
880 2159 907 2202 ι.
922 2131 1013 2204 Dist.
1029 2133 1049 2203 5
1091 2158 1126 2202 n.
1144 2159 1164 2204 2
1181 2147 1218 2205 et

135 2256 154 2292 ι
185 2232 265 2322 430
278 2233 385 2305 Pont.
397 2231 423 2305 l.
447 2259 530 2306 rue.
553 2236 591 2331 ἠ
605 2260 643 2306 ιι.
659 2228 682 2307 8
696 2234 883 2304 cumCon.
898 2228 983 2302 Reb.
1000 2242 1034 2301 et
1047 2157 1127 2303 lot.
1142 2230 1217 2304 sire

138 2354 158 2394 n
185 2328 269 2415 do's,
286 2347 324 2401 ut
335 2322 454 2426 allant,
471 2330 716 2428 sr'tpromrlrsu,
737 2329 809 2401 sire
822 2354 904 2403 non.
919 2328 965 2399 Et
976 2325 1074 2400 idem
1088 2326 1221 2407 dicunt

136 2454 156 2493 u
183 2426 288 2525 Sper.
306 2444 343 2501 et
360 2426 468 2502 Pont.
487 2428 525 2500 ll.
547 2454 600 2501 cc.
615 2430 651 2500 si
664 2431 827 2500 timeatur
839 2426 1074 2523 Paterfilt'nm
1090 2425 1217 2498 exhae-

136 2552 157 2589 a
185 2524 516 2621 redatnros.)Quod
532 2529 562 2600 si
578 2542 699 2601 antem
717 2524 863 2597 defectu
883 2524 1034 2623 Sponsae
1048 2522 1217 2614 detecto,

138 2647 159 2688 n
187 2620 330 2695 dubitet
350 2624 534 2722 Sponsus,
554 2651 601 2696 an
621 2627 652 2697 si
670 2650 754 2695 eom
778 2620 824 2693 ab
842 2623 944 2694 initio
965 2626 1215 2721 cognovisset,

137 2747 158 2785 n
187 2732 442 2794 contracturus
461 2719 930 2811 suisset,toi1osidefectus
947 2718 1010 2791 ille
1027 2735 1217 2794 censeatur

136 2845 157 2885 ι)
212 2820 302 2891 ravis
326 2846 369 2892 ac
394 2814 587 2902 notabilis,
614 2834 851 2917 praesumetur
878 2845 943 2916 pro
968 2820 1133 2915 Sponsa,
1153 2823 1216 2898 cui
1289 2832 1294 2839 '

137 2943 157 2982 n
185 2844 344 2990 liberum
375 2919 445 2990 erit
471 2917 624 2990 resilire.
649 2919 757 2990 Sanc.
784 2918 898 3009 conc.
919 2918 1036 2988 Tana.
1058 2933 1080 2989 t.
1110 2945 1120 2991 ι
1147 2916 1174 2991 l.
1197 2945 1211 2993 1

135 3044 154 3081 »
184 3014 267 3089 dist.
285 3016 333 3091 65
349 3018 454 3090 seclis
471 3018 502 3090 si
519 3015 682 3090 defectus
701 3018 748 3090 sit
770 3014 873 3088 levis.
897 3012 1004 3088 Bard.
1026 3016 1054 3088 l.
1073 3015 1098 3090 6
1115 3042 1149 3091 e.
1173 3042 1211 3091 11

134 3140 152 3177 D
213 3169 220 3184 .
267 3147 308 3185 .t)
962 3184 968 3193 ,

184 3138 328 3303 Mulae,
348 3240 393 3286 an
414 3240 497 3312 pars
512 3212 683 3288 laborans
698 3211 844 3288 occulto
860 3209 1002 3285 delectu
1019 3210 1268 3320 sufficientia„

136 3304 182 3380 ad
192 3309 364 3401 solvenda
375 3310 575 3408 sponsalia,
586 3327 751 3386 teneatur
766 3308 871 3382 illum
886 3310 1115 3383 manifestare
1131 3311 1214 3388 ante

136 3404 336 3505 sponsalia,
354 3410 409 3483 vel
426 3414 477 3484 eis
495 3412 712 3491 contractio,
727 3406 811 3481 ante
827 3409 1124 3483 Matrimonium?
1137 3413 1216 3485 Dis·

135 3507 380 3605 tinguendum
393 3534 478 3580 cum
492 3512 699 3596 communi;
714 3508 750 3580 si
761 3506 923 3581 delectus
938 3506 1108 3580 redderet
1123 3534 1171 3580 nu
1202 3552 1215 3570 -

135 3605 203 3678 tias
222 3607 459 3706 perniciosas,
481 3623 521 3681 ut
538 3625 629 3681 esset
642 3605 813 3691 infamia,
834 3606 955 3704 lepra,
970 3605 1122 3678 morbus
1140 3535 1215 3703 gal-

133 3701 244 3791 licus,
262 3716 325 3775 ant
337 3705 429 3776 alins
445 3709 696 3805 contagiosus,
715 3720 856 3778 tenetur
868 3731 955 3777 eum
967 3704 1212 3793 manifestare,

132 3800 191 3874 vel
207 3807 224 3874 a
238 3802 378 3903 nuptiis
391 3803 583 3893 desistere,
609 3806 677 3877 nisi
695 3803 805 3877 altera
820 3829 904 3903 pars
921 3801 1051 3875 eodem
1068 3801 1214 3879 desecto

134 3898 275 3974 laboret
291 3904 360 3983 ;ita
374 3902 481 3976 Pont.
499 3901 523 3974 l.
549 3929 589 3975 ra
609 3931 641 3978 c.
665 3904 707 3976 18
727 3929 763 3975 n.
781 3903 819 3976 6.
835 3904 949 3974 Ronc.
963 3927 1000 3998 p.
1022 3903 1086 3993 ilo
1103 3928 1137 4000 q.
1159 3929 1214 3975 ιιι,

133 3996 212 4071 Pal.
230 4026 267 4102 p.
284 4002 330 4079 50
347 4003 529 4079 n.5eum
543 4001 654 4078 Salm.
672 4027 707 4079 c.
729 4027 752 4076 2
773 4027 812 4075 n.
836 4024 990 4101 990u1n
1009 3997 1236 4103 Dianassp,·
