2917 4709
282 231 352 301 460
500 232 575 299 tit.
592 231 651 303 Vt.
669 234 778 301 Traot.
797 229 857 311 VI.
873 234 924 300 De
938 232 1159 319 Matrimouio.

288 370 348 431 ra,
367 357 410 418 ut
422 342 550 418 diou'ut
565 345 699 418 Sancb.
718 346 747 419 Ι.
764 371 799 418 2.
814 347 858 420 D.
870 349 917 440 ala
937 372 974 419 n.
996 374 1028 420 2.
1045 349 1151 446 Spor.
1167 343 1204 420 d.
1221 369 1321 446 n377
1343 359 1397 445 et,

289 442 400 516 Salus.
416 469 448 517 o.
475 443 515 518 15
538 445 742 536 n.‘48,nisi
767 445 901 519 habeat
923 444 1272 536 certitudinem,rel
1296 444 1394 519 sal·'

289 541 363 616 tem
386 539 679 641 probabilitatem
698 569 765 642 pro
790 546 912 620 valore
931 547 1154 620 Matrimonii
1171 544 1186 639 (
1202 544 1386 645 quamvis

289 666 367 713 non
392 641 513 717 desint
537 643 616 714 DD.
642 643 707 740 qui
731 657 881 715 tuentur
903 660 996 717 tnnc
1023 645 1215 729 sufficere,
1238 647 1387 744 sipost

290 739 517 838 diligentiam
537 738 691 812 dubium
712 740 918 839 deponatur
935 798 943 828 ,
962 757 1005 815 ut
1017 744 1221 817 videbimus
1238 742 1279 814 iu
1294 738 1384 816 Duss

289 836 352 910 bio
371 839 588 937 sequenti);
613 864 798 937 possessor
812 855 932 914 autem
949 841 1057 914 bonae
1074 841 1161 915 fidet
1187 854 1269 940 post
1282 838 1384 911 dili·
1444 892 1445 907 a

292 936 450 1035 gentiam
468 937 600 1009 factam
615 946 738 1036 petere
757 952 896 1037 potest,
911 963 1056 1037 semper
1071 966 1113 1018 ac
1134 964 1210 1011 non
1227 949 1385 1013 constet
1444 1014 1445 1021 χ

293 1034 340 1111 de
356 1033 523 1109 nullitate
541 1035 783 1125 Matrimonii,
803 1039 887 1136 quia
905 1037 1082 1136 possessio
1105 1036 1244 1137 praebet
1261 1036 1296 1113 ei
1322 1038 1383 1108 'us
1444 1098 1445 1133 3

293 1147 436 1206 certum
451 1133 626 1231 petendi,
648 1135 752 1233 quod
777 1135 944 1229 praevalet
961 1138 1182 1236 cuicumque
1197 1061 1384 1236 probabi·

292 1228 387 1303 lit'ati
404 1233 605 1329 oppositae:
626 1232 863 1332 probabilitas
890 1236 1008 1318 enirn,
1029 1258 1115 1307 oum
1142 1234 1188 1306 alt
1212 1231 1383 1333 opinati·

292 1351 361 1410 ra,
382 1345 419 1400 et
439 1344 706 1428 consequenter
724 1356 871 1428 semper
887 1331 1055 1409 includat
1072 1330 1319 1405 formidinem
1337 1331 1382 1401 iu

295 1428 470 1523 opinione
487 1442 696 1501 contentam
714 1485 723 1513 ,
741 1430 884 1507 auferre
909 1432 1038 1530 nequit
1062 1430 1260 1526 legitimam
1279 1451 1384 1529 prte-

296 1526 546 1621 sumptionem
575 1525 771 1601 validitatis
795 1527 1047 1620 Matrimonii,
1077 1545 1194 1602 ortam
1223 1552 1268 1601 ex
1294 1529 1383 1624 ipsa
1444 1568 1445 1621 t

296 1625 524 1723 possessione
542 1626 701 1722 conjugii
715 1625 812 1699 bona
827 1626 1104 1709 lidc'eontracti.
1120 1623 1218 1699 Vide
1233 1650 1320 1725 quae
1339 1627 1382 1697 iu
1444 1626 1445 1719 l

297 1722 408 1795 simili
428 1748 514 1795 casu
539 1720 699 1796 diximus
716 1724 741 1796 l.
773 1751 801 1796 r.
820 1725 938 1817 Ml·
957 1724 1000 1796 Id
1024 1726 1264 1817 confirmatur
1281 1748 1330 1794 ox
1347 1748 1384 1795 c.
1444 1726 1445 1743 l

295 1819 538 1895 Laudabilem
556 1822 601 1894 de
620 1821 758 1921 Frigid.
775 1838 811 1895 et
831 1821 952 1899 males.
972 1820 1035 1896 ubi
1053 1825 1091 1895 in
1109 1823 1222 1909 dubio
1238 1819 1286 1893 de
1305 1823 1382 1893 im-

298 1922 462 2018 potentia
487 1920 702 1993 conceditur
723 1918 954 2020 Coniugibus
973 1932 1090 2021 usque
1111 1919 1157 1993 sd
1178 1919 1385 1994 triennium

299 2022 455 2115 experiri
474 2019 639 2101 ;.etenim
657 2033 765 2117 peto,
785 2023 814 2092 si
836 2034 920 2118 post
933 2018 1124 2093 biennium
1138 2018 1284 2117 Coniux
1305 2042 1382 2089 non
1444 2050 1445 2095 t

287 2115 426 2190 adhiac
446 2116 578 2214 poterit
592 2144 869 2207 consummare,
882 2142 974 2190 uum
987 2117 1033 2190 sit
1053 2116 1245 2217 probabile
1255 2114 1385 2189 Matri·

298 2214 470 2294 monium
486 2238 563 2287 esse
582 2214 776 2289 validum?
791 2216 896 2289 certe
943 2216 1067 2289 uidem
1086 2231 1141 2291 est
1156 2212 1384 2315 improbabi·

300 2312 482 2389 tissimum
492 2331 550 2394 tet
561 2311 763 2387 econverso
775 2243 1113 2415 probabiiissimum
1124 2328 1189 2405 est,
1199 2329 1290 2388 tuuc
1303 2332 1384 2385 esse

300 2410 452 2489 nattum
471 2441 480 2482 τ
499 2426 687 2501 ettamen,
704 2412 774 2485 hoc
790 2439 864 2486 non
882 2413 1063 2496 obstante,
1077 2428 1230 2514 possunt
1242 2412 1385 2506 Coniu·

302 2538 365 2609 ges
386 2537 534 2609 pergere
554 2512 602 2605 ad
615 2512 880 2608 experiendum
893 2536 1012 2612 usque
1025 2510 1071 2584 ad
1084 2513 1194 2585 linem
1210 2511 1385 2593 trienniit

302 2624 412 2708 rogo.
435 2636 507 2705 qua
525 2611 694 2705 ratione?
712 2636 785 2682 nou
813 2612 940 2706 utique
956 2608 1025 2681 atta
1041 2666 1049 2693 ‚
1065 2610 1137 2682 nisi
1151 2611 1240 2710 qnia
1257 2610 1386 2683 Matri·

303 2709 473 2782 monium
488 2734 564 2779 non
583 2723 638 2780 est
657 2706 780 2779 adbirc
798 2710 895 2783 certe
917 2707 1087 2796 nullum,
1105 2733 1228 2807 usqne
1245 2707 1301 2780 illi
1317 2708 1385 2780 sut

300 2812 530 2907 ¹possessione
545 2805 1006 2905 adhiresuutcxpoliandiss
1019 2806 1221 2890 Praeterei‚
1237 2806 1386 2906 ipsimet

304 2906 499 2979 adversarii
517 2904 747 2993 concedunt,
763 2908 966 3003 Coniugem
980 2905 1193 3002 opinantem
1206 2904 1323 2977 tenbri
1339 2900 1386 2975 ad
1444 2972 1445 2985 ,

303 3002 558 3091 reddendum,
573 3004 713 3076 etiarnsi
727 3002 822 3075 adsit
835 3002 1072 3102 probabilitas
1086 3002 1231 3076 tantiam
1245 3001 1291 3072 de
1303 2998 1386 3073 nul·

286 3102 408 3197 ¹litate
428 3101 671 3181 Matrimonii;
689 3128 758 3174 nec
776 3103 818 3173 id·
830 3127 963 3199 negare
979 3116 1153 3200 possunt,
1173 3124 1258 3172 cum
1275 3098 1314 3172 id
1330 3123 1388 3172 ex·

306 3227 478 3301 pressum
493 3205 536 3272 sit
555 3202 592 3272 in
618 3228 650 3271 c.
675 3200 900 3297 inquisitioni
913 3225 990 3297 sup.
1009 3198 1126 3274 citato.
1153 3199 1201 3271 Εἰ
1223 3199 1317 3272 ratio
1332 3209 1387 3270 est
1444 3240 1445 3259 κ

300 3300 469 3399 quidem,
487 3299 573 3399 quio
589 3325 700 3372 nemo
712 3296 971 3397 exspoliandus
981 3311 1036 3369 est
1053 3324 1118 3370 sua
1131 3297 1292 3396 legitima
1308 3322 1389 3394 pos·
1444 3296 1445 3345 t

306 3399 489 3481 sessione,
514 3396 633 3471 donec
662 3402 804 3470 constet
827 3396 871 3467 de
892 3394 1058 3469 nullitate
1077 3398 1134 3468 sui
1156 3399 1261 3494 juria.
1285 3394 1388 3468 sicta

308 3499 420 3593 ergit.
444 3516 519 3570 non
539 3495 706 3570 obstante
732 3493 923 3567 unico-illo
940 3521 1087 3569 assensu
1116 3495 1302 3593 opinative
1321 3515 1387 3592 pro

307 3594 497 3683 nullitate,
511 3622 587 3669 non
608 3611 727 3693 potest
746 3594 889 3689 Coniux
906 3591 1080 3666 dubitans
1095 3593 1200 3665 alteri
1221 3590 1388 3663 debitum

304 3720 444 3791 negare
460 3751 468 3777 ,
488 3722 534 3767 ne
546 3695 661 3794 privet
678 3714 762 3764 eum
778 3716 840 3764 sua
863 3706 959 3764 certo
980 3682 1206 3791 possessione
1219 3713 1229 3779 3
1244 3690 1292 3762 itt
1308 3700 1389 3787 post

304 3793 541 3892 {diligentiam
563 3805 808 3865 nontenetur
825 3790 904 3890 ipse
927 3817 969 3863 ex
990 3790 1054 3862 illa
1077 3815 1150 3863 sue
1167 3785 1387 3887 conscientia

302 3884 458 3971 :tantiam
471 3892 653 3987 opinative
674 3915 711 3962 ae
737 3888 921 3985 expoliare
940 3902 1035 3962 certa
1055 3914 1120 3961 sua
1130 3887 1387 3988 possessione,

313 3992 523 4065 niaicertus
541 3993 588 4062 sit
601 4038 615 4074 a
627 3986 728 4088 quod
749 3984 898 4060 nullum·
917 3993 975 4084 jus
991 3986 1063 4061 sibi
1078 3998 1271 4086 competat.
1290 3982 1387 4057 Diei·

303 4104 374 4165 -tur
390 4104 511 4176 autem
525 4113 568 4163 cx
584 4084 806 4165 nomenonii
822 4089 959 4161 tanum
985 4083 1188 4193 epanatiffi
1206 4108 1296 4186 apua
1312 4081 1385 4158 ta»
