2917 4709
210 216 294 311 cap.
311 218 369 289 ΠΙ.
383 218 560 313 Appendix
571 217 612 290 de
624 218 834 290 Confessariis
848 214 1104 289 sollicitantibus.
1151 224 1213 313 195

128 330 353 429 significare,
367 331 482 432 proiit
498 331 685 430 colligitur
700 360 744 407 ex
756 336 944 430 Extravag.
960 361 1048 407 cum
1060 336 1213 424 Marah„

130 429 177 502 de
196 430 330 505 Haeret.
353 432 418 505 nbi
446 433 497 503 sic
518 430 769 531 praescribitur
784 433 1062 532 procedendum
1084 450 1213 508 contra

125 527 305 610 Nuntios.
321 544 358 603 et
370 529 552 605 Officiaies
568 528 653 604 Sodi
669 532 890 630 Apostolicae
901 532 1111 606 immediate
1125 533 1214 606 sub·

126 631 256 726 jectos.
284 630 334 703 Et
360 629 400 702 in
430 628 501 701 hoc
526 633 754 703 conveniunt
782 630 860 703 Pal.
887 629 1070 704 etEscob.
1093 631 1134 703 11.
1156 658 1213 704 cc.

128 751 217 798 curn
243 725 363 801 Trutt.
387 728 541 818 sancio,
568 742 605 800 et
626 733 803 816 donnus,
833 729 967 826 nempi
993 729 1090 825 quod
1118 729 1215 802 benc

127 826 270 922 possint
295 826 536 926 Inquisitores
550 829 720 924 ‘excipere
745 825 961 926 huiusmodi
980 828 1216 900 informatio·

127 948 230 999 nem.
250 924 327 997 Sub
344 926 493 998 tremine
507 939 629 998 autem
645 925 915 1025 Episcoporum
935 928 1089 999 veniunt
1107 929 1216 1025 Epis·

104 1024 215 1120 „copi
237 1026 346 1095 etiam
362 1021 564 1113 Titulares,
582 1024 618 1093 e't
632 1027 740 1095 etiam
759 1048 833 1094 non
854 1026 1082 1108 consecrati,
1105 1023 1217 1097 modo

124 1124 206 1193 sint
224 1123 430 1197 continuati
450 1147 459 1205 ς
481 1120 570 1195 item
586 1122 739 1205 Nuntii,
760 1122 907 1220 Legati,
925 1137 961 1194 et
978 1120 1140 1195 Abbates
1155 1128 1217 1219 ju-

127 1219 385 1294 risdictionem
403 1221 504 1320 quasi
522 1214 784 1321 Episcopalsm
802 1221 1003 1306 habentes,
1028 1235 1069 1294 ut
1085 1221 1221 1294 dicunt

126 1317 243 1390 Salm.
262 1343 299 1393 n.
319 1320 379 1393 31.
404 1318 810 1394 summiserunt.
938 1358 945 1369 ·

181 1417 305 1508 Quaer,
329 1417 395 1488 VI.
414 1420 483 1504 An,
495 1419 524 1488 si
544 1415 797 1491 Confessarius
811 1415 1013 1492 sollicitans
1028 1418 1075 1490 sit
1089 1434 1275 1490 emen-stt

130 1512 273 1600 datos,
305 1514 449 1591 detest-
467 1511 591 1588 adhirc
618 1514 866 1590 denunciari?
891 1517 1013 1587 Prima
1040 1519 1220 1588 sententia

102 1660 106 1671 ·
131 1629 263 1710 negat.
281 1628 317 1686 et
336 1614 430 1691 hauc,
447 1627 573 1687 tenent
586 1613 663 1686 Pal.
683 1642 719 1713 p.
741 1641 782 1687 ro
798 1640 835 1687 u.
856 1641 885 1685 r.
900 1613 1081 1687 etEscob.
1095 1640 1131 1685 n.
1146 1615 1222 1708 624

129 1727 168 1782 et
186 1706 272 1785 625.
293 1738 378 1786 cum
397 1713 510 1796 Soto‚
539 1708 642 1785 Molf.
663 1717 839 1797 deonna,
852 1714 962 1810 Peyr.
983 1712 1070 1810 Fag.
1086 1715 1222 1786 Portet.

75 1842 84 1851 ·
128 1808 291 1883 Zenard.
321 1812 351 1885 F
354 1813 442 1883 reita
472 1823 542 1884 etc.
569 1811 656 1884 item
680 1810 772 1884 Led.
799 1813 925 1907 Lago,
942 1809 1062 1883 Trull.
1082 1810 1221 1883 Leand.

129 1908 292 1981 Hurtad.
309 1923 345 1981 et
364 1907 427 1981 alii
444 1907 544 2007 apud
556 1908 668 1981 Saim.
689 1935 727 1981 n.
749 1908 809 2006 75.
828 1924 865 1980 et
878 1907 975 1981 hauc
991 1907 1224 2007 probabilem

130 2021 241 2106 putat
266 2006 423 2103 (saitem
447 2005 675 2098 extrinseci)
700 2006 842 2082 Auctor
866 2005 1039 2079 instruct.
1055 2022 1125 2079 etc.
1149 2032 1185 2105 p.
1201 2033 1224 2080 2

131 2131 170 2178 c.
192 2105 239 2177 15¹
255 2105 276 2202 δ
293 2131 328 2179 a.
347 2105 450 2178 Ratio
468 2160 477 2188 ,
496 2107 582 2204 quia
601 2105 688 2192 finis
704 2104 1002 2178 denunciationis
1021 2120 1078 2178 est
1093 2131 1225 2177 emen-

133 2200 237 2277 datio
269 2205 343 2288 rei,
366 2217 403 2275 ct
432 2202 567 2277 ablatio
595 2202 747 2289 damni,
772 2202 907 2303 quibus
936 2208 1009 2300 jam
1042 2204 1225 2287 obtentis,

137 2316 304 2375 cessante
325 2303 397 2375 fine
414 2301 503 2402 legis
521 2301 733 2401 principali,
750 2318 865 2374 cessat
880 2304 988 2375 ctiirn
1003 2301 1062 2373 lex
1076 2317 1226 2374 natura·

134 2399 185 2473 lis
209 2398 506 2474 denunciationis
527 2457 536 2491 ,
557 2426 638 2501 quae
658 2399 914 2500 principaliter
928 2401 1078 2500 respicit
1096 2424 1227 2472 emcn-

135 2498 353 2589 dationem;
383 2524 451 2574 nec
483 2498 541 2571 lex
599 2499 724 2573 ositiva
750 2504 830 2598 ejus
857 2498 1025 2587 ordinem
1047 2500 1226 2571 invertere

138 2611 274 2696 potest.
293 2598 399 2670 Hanc
421 2527 649 2697 probabiietn
664 2611 770 2697 putat
786 2601 893 2669 etiim
910 2595 1002 2669 Viva
1019 2596 1065 2668 de
1085 2624 1096 2670 r
1114 2623 1228 2697 praec.

144 2723 180 2795 q.
202 2701 226 2772 8
244 2707 311 2769 art.
329 2698 351 2769 5
370 2721 407 2768 n.
425 2698 462 2770 3.
479 2695 589 2769 Recte
608 2693 693 2769 vert
707 2695 785 2769 DD.
800 2696 990 2795 excipiunt
1002 2696 1228 2769 Haereticum

137 2794 360 2882 formalem,
388 2792 545 2868 maxime
568 2793 900 2893 dogmatizantem,
932 2797 1039 2894 cujus
1065 2793 1227 2865 difficilis

138 2908 194 2966 est
216 2890 448 2976 emendatio,
470 2906 507 2965 et
530 2917 640 2991 quern
660 2890 813 2964 omnino
829 2890 976 2990 expedit
992 2890 1228 2980 denunciari,

140 2990 274 3065 saitem
287 2989 334 3063 ad
350 2988 631 3064 subventionem
648 2991 818 3079 aliorum,
833 3016 925 3089 quos
937 2990 1017 3089 ipse
1030 2989 1124 3064 sorti
1140 2989 1231 3064 sub·

138 3092 296 3165 verterit.

191 3189 303 3286 Signa
320 3203 442 3263 autem
461 3186 728 3263 emendationis
746 3188 910 3282 sunt(ut
931 3185 1061 3259 dicunt
1073 3189 1153 3260 DD.
1175 3188 1233 3261 ci-

140 3288 207 3360 tati
225 3285 325 3388 apud
339 3286 453 3363 Salm.
471 3313 511 3362 n.
527 3287 587 3386 76.
607 3302 644 3361 et
664 3287 764 3386 apud
781 3285 875 3357 Viva
894 3284 932 3358 d.
947 3284 1002 3381 1.)
1020 3312 1080 3357 :.1.
1101 3286 1138 3359 Si
1153 3314 1234 3361 mu·

139 3384 216 3466 liar
232 3384 452 3474 sollicitata,
476 3401 533 3459 ter
551 3387 607 3459 vel
628 3401 757 3486 quater
777 3382 822 3456 ad
840 3383 1113 3457 Confessarium
1132 3410 1236 3458 accc·

144 3482 270 3561 dendo
286 3540 296 3573 ‚
315 3483 355 3558 in
373 3510 416 3556 so
434 3510 588 3585 pravum
609 3486 777 3558 animum
800 3510 875 3556 non
892 3480 1050 3583 amplius
1066 3483 1236 3556 adverte-

144 3582 192 3655 rit
211 3609 220 3665 ς
242 3583 292 3655 ita
309 3581 446 3657 Escob.
470 3609 507 3654 n.
534 3583 622 3657 625.
650 3607 737 3655 curn
764 3580 885 3655 Truil.
899 3582 1033 3669 Diana,
1051 3597 1087 3653 et
1106 3583 1235 3656 Sousa.

144 3702 181 3754 α.
198 3680 236 3753 Si
257 3705 323 3781 per
350 3683 557 3754 triennium
577 3680 830 3756 Confessarius
848 3678 1111 3761 treatment,
1131 3696 1171 3751 ut
1188 3681 1240 3751 ait

145 3780 315 3853 Saucius.
342 3776 435 3852 3:81
462 3781 508 3852 sit
539 3779 852 3854 sacramentaliter
880 3778 1091 3861 confessus,
1111 3792 1147 3850 et
1173 3804 1241 3874 per

157 3875 313 3974 longum
336 3893 481 3978 tompus
498 3905 573 3952 non
594 3880 809 3961 tentaverit,
829 3892 870 3950 ut
888 3875 1023 3952 Escob.
1045 3874 1082 3947 d.
1098 3902 1136 3947 n.
1155 3875 1243 3951 625.

134 3998 238 4049 ·curn
262 3970 407 4070 Freita,
437 3977 592 4062 saneto,
622 3977 736 4051 Marc.
764 3976 899 4051 Aiciati
915 4034 924 4060 ,
942 3975 1111 4048 Farinac.
1132 3975 1247 4049 Hurt.

151 4075 260 4152 Ricc.
283 4073 402 4149 Felin.
422 4090 455 4147 et
475 4073 584 4152 Barb.
603 4078 638 4169 4.
655 4077 694 4150 Si
720 4075 885 4151 lucratus
906 4075 954 4150 sit
966 4070 1189 4168 Jubiiaeum,
1207 4087 1249 4148 ut

302 4173 500 4255 Tom.V1.
1052 4170 1096 4244 13
1174 4264 1179 4271 ⁵
