2917 4709
271 187 315 291 70
377 198 449 266 Lib.
467 199 525 290 Vb
544 199 651 268 Tract.
669 198 728 270 w.
744 201 797 269 De
812 201 1014 275 Sacramenta
1029 200 1235 271 Punitentiae.

271 309 317 383 In
331 317 496 409 quantum
512 338 657 406 possum
680 328 716 384 et
739 329 776 384 tu
792 315 947 411 indiges,
968 333 1034 388 etc.
1058 318 1105 388 Et
1122 316 1191 389 hoc
1213 312 1347 387 admit·
1376 405 1380 412 Ι

270 422 357 492 tunt
381 408 458 482 Pal.
486 407 512 482 l.
539 435 570 482 c.
592 410 700 512 Salm.
723 439 825 483 num.
854 414 900 504 45
924 439 1008 484 curn
1031 414 1122 487 Con.
1151 430 1188 486 et
1211 416 1348 487 Aversa

272 512 415 594 (contra
434 507 555 599 alios),
568 510 705 581 etilmsi
719 510 906 583 Confessio
926 512 990 583 liat
1011 511 1112 610 apud
1135 512 1346 594 inferiorem

272 605 476 703 delegatum
495 631 504 695 ;
524 610 609 704 quil
632 606 754 680 adhinc
776 625 944 680 censetur
966 609 1140 708 Superior
1167 609 1257 683 relle
1281 634 1349 709 per

271 701 374 775 illam
394 707 673 778 rerervationem
694 705 847 779 auferre.
875 705 1034 780 Secunda
1059 707 1144 782 verb
1166 723 1346 781 sententia

270 818 404 899 negat,
424 828 578 900 eamque
599 818 723 877 tenent
740 801 847 877 Suar.
874 805 911 877 d.
938 804 980 878 31
1007 819 1093 879 ancl.
1113 813 1136 899 4
1154 834 1256 879 uum.
1290 831 1346 878 ra.

270 900 384 972 Cone.
406 927 442 999 p.
460 903 530 999 573
554 928 591 973 n.
622 906 675 997 ι4.
695 904 853 975 Antoine
867 930 905 1002 p.
925 899 994 976 530'
1015 931 1076 1001 qu.
1101 904 1227 976 6item
1248 904 1347 1002 Sylr.

269 997 364 1096 Aug.
380 997 498 1073 Rosel.
514 999 672 1072 et·Gabr.
690 1026 749 1099 ap.
763 1002 864 1098 Lugo
881 999 916 1071 d.
934 1027 978 1073 ao
998 1027 1035 1071 n.
1055 1003 1101 1075 85
1116 1017 1152 1071 et
1164 1000 1255 1090 forte
1265 1026 1351 1092 pro·

270 1093 469 1174 habiliorem
489 1112 593 1170 vocat
612 1098 815 1171 Holam.'Hi
832 1098 971 1180 dicunt,
991 1125 1065 1171 non
1088 1099 1167 1171 tolli
1185 1123 1349 1171 reserva·

269 1194 409 1288 tionem
437 1194 511 1270 sirie
538 1195 724 1269 Confessio
752 1196 815 1267 liat
831 1197 1039 1293 Superiori,
1063 1196 1136 1274 siri
1166 1198 1347 1294 delegato.

271 1293 374 1366 Ratio
393 1309 446 1368 eat
467 1292 572 1367 raldl
590 1320 720 1393 urgens
738 1350 748 1384 ,
769 1294 853 1390 quia
872 1292 917 1365 ad
938 1293 1173 1366 auferendam
1192 1318 1349 1367 reserva·

271 1391 407 1464 tionem
422 1392 631 1491 requiritur,
643 1406 683 1465 ut
697 1390 1110 1491 peccatumsnbjiciatur
1125 1391 1260 1487 iudicio
1278 1393 1349 1464 Su·

299 1488 1348 1588 erioris‚eoquodfinisreservationissitlntprobavimusu.

273 1517 319 1661 ib
328 1593 358 1682 r)
367 1603 487 1661 utnon
495 1586 638 1664 tantbm
648 1588 893 1685 poenitentesb
907 1587 1347 1682 peccato'absterreantur‚

272 1685 337 1757 sed
352 1686 462 1759 eiiam
472 1688 801 1776 inconvenientem
809 1684 1028 1757 medicinam
1043 1701 1079 1757 et
1094 1686 1349 1786 poenitentiam

260 1783 464 1883 recipiant.
476 1784 587 1872 Unde
601 1810 676 1860 non
694 1800 863 1860 censetur
877 1780 997 1856 ablata
1010 1784 1289 1866 reservatio,uiai
1304 1808 1352 1857 ex

273 1879 396 1979 aliquo
428 1882 582 1980 positivo
612 1882 749 1956 iudicio
779 1881 957 1955 habeatur
985 1883 1253 1982 praesumptio,
1287 1907 1353 1953 ro·

273 1978 383 2051 luisse
398 1980 629 2080 Superiorem
644 1981 921 2054 reservationem
934 1981 1097 2067 anferre,
1119 1997 1159 2053 nt
1177 1982 1276 2054 reete
1294 1980 1354 2052 di·

274 2078 324 2148 cit
337 2077 498 2152 Conciua
514 2101 523 2166 ;
542 2078 600 2152 rel
622 2078 694 2154 nisi
709 2078 924 2170 Poenitens(
945 2094 986 2148 ut
1008 2079 1057 2149 ait
1075 2079 1177 2154 Suar.
1197 2106 1236 2150 n.
1264 2079 1317 2150 15.
1333 2083 1347 2167 )

274 2175 320 2246 ad
338 2175 575 2250 hunclinem⁴
587 2173 736 2249 adiverit
751 2175 983 2272 Superiorem
1000 2176 1052 2247 rel
1075 2176 1270 2250 habentem
1291 2176 1352 2248 fa-

274 2271 1354 2357 cultatem,utabomnibuareservatisabeolvereturetbanc

272 2396 375 2444 auam
401 2368 647 2460 intentionem
670 2370 723 2444 illi
742 2370 1034 2445 manifestaverit.
1060 2371 1136 2447 Nec
1159 2395 1235 2446 non
1254 2371 1353 2446 hene

274 2471 408 2566 excipit
426 2472 558 2543 Suarez
580 2495 618 2544 n.
653 2495 697 2543 20
726 2468 877 2570 quandb
899 2470 1127 2571 privilegium
1161 2471 1229 2542 luit
1262 2495 1355 2543 con·

275 2593 414 2641 cessum
436 2570 474 2641 in
492 2567 653 2656 furorem
675 2571 905 2692 poenitentia,
926 2568 1037 2667 proiit
1052 2585 1105 2642 est
1121 2568 1353 2668 privilegium

274 2665 444 2753 tubitaei',
467 2683 503 2739 et
523 2666 641 2739 Bullae
662 2667 850 2766 bruciatae.
869 2664 1076 2755 Caeterum,
1099 2669 1259 2767 praecisis
1276 2668 1354 2740 istic

275 2762 392 2837 tribus
427 2762 737 2863 exreptionibua.
768 2763 865 2838 banc
895 2765 1097 2838 secundam
1133 2765 1356 2839 sententiam

227 2935 236 2948 ,
276 2861 563 2966 probabiliorem
579 2887 735 2940 censeo:
755 2878 789 2934 et
806 2862 900 2940 hanc
921 2863 1062 2960 Sylvius
1080 2876 1167 2935 tom.
1187 2868 1207 2954 4
1225 2863 1353 2962 cuppl.

230 2973 233 2982 “
277 2987 316 3060 q.
334 2987 378 3035 20
396 2989 426 3032 a.
443 2963 573 3036 acircb
588 2961 651 3033 fin.
665 2975 766 3035 tenet
779 2974 820 3036 ut
832 2985 953 3036 veram
967 2987 1051 3034 cum
1065 2960 1214 3060 Sylrer„
1233 2967 1355 3058 Ange·

276 3056 314 3140 lo
330 3116 339 3146 ‚
354 3057 518 3134 Adriano
534 3113 545 3146 ‚
563 3059 711 3132 Narin.
730 3060 858 3132 Corar.
878 3059 1012 3134 Bonae.
1029 3061 1099 3143 Sa,
1118 3058 1297 3133 Coninclr.
1317 3072 1358 3132 et

278 3155 358 3230 aliis
388 3157 581 3257 pluribus,
606 3156 741 3254 quibua
767 3158 949 3234 consentit
975 3159 1109 3230 Pontes
1136 3183 1221 3229 casu
1246 3160 1291 3228 25
1317 3172 1357 3230 et

277 3252 437 3328 adhaeret
457 3255 609 3332 Concin.
634 3254 773 3330 Toum.
797 3267 887 3326 tom.
911 3255 937 3328 6
961 3281 998 3352 p.
1030 3280 1049 3325 a
1077 3284 1113 3353 p.
1148 3257 1225 3327 131.
1250 3256 1356 3328 Licet

277 3357 395 3452 prima
418 3354 583 3444 rideatur
605 3354 711 3442 eti'am
738 3351 964 3450 probabilis,
987 3367 1063 3424 tum
1089 3351 1136 3426 ob
1157 3357 1356 3427 auctorita·

276 3465 351 3528 tem
369 3452 447 3526 DD.
473 3451 566 3548 qui(
585 3467 624 3525 ut
642 3451 774 3524 latetur
786 3451 863 3550 ipse
875 3449 1003 3543 conc.)
1015 3452 1357 3532 communiteream

278 3548 424 3630 docent:
435 3563 514 3622 tum
527 3550 612 3650 quia
627 3546 863 3651 probabiliter
873 3561 992 3648 potest
1003 3552 1172 3646 praesumi
1182 3549 1358 3647 Superior

277 3647 1358 3743 consentire,utauferaturreoerratio,semperacpoenitens

279 3748 475 3826 confitetur
487 3743 587 3845 apud
601 3743 795 3820 habentem
819 3759 1040 3841 potestatem.
1056 3743 1218 3832 Omninb
1233 3760 1358 3818 tamen

280 3843 480 3918 dicendum
506 3860 617 3943 puto,
633 3843 915 3917 reservationem
934 3863 1008 3914 non
1033 3843 1186 3926 auferri,
1207 3841 1359 3941 quandb

281 3940 423 4016 adesset.
436 3946 585 4044 positiva
603 3942 861 4041 praesumptio,
903 3939 997 4029 uod,
1013 3943 1042 4012 si
1058 3941 1232 4038 Superior
1253 3941 1358 4016 audi·

279 4042 386 4116 risset
404 4058 596 4143 peccatum
610 4054 830 4132 reservatum
842 4093 851 4127 ,
865 3967 1130 4114 daolunonem
1144 4038 1360 4130 distribuet,
