2917 4709
337 261 422 355 Cap.
437 258 465 329 1.
475 257 563 332 nm.
580 255 923 355 II.·DeSponsslibus.
1104 258 1172 354 Syr

85 381 188 446 utor
198 427 207 457 ‚
217 370 406 449 etvidetur
419 391 560 448 certum
576 401 652 450 esse
663 402 707 449 ex
718 377 867 476 praelato
880 388 980 451 textu
996 374 1168 454 Consilii·

88 469 145 542 Ex
162 473 233 545 hoc
251 473 414 546 inferunt
429 477 552 572 Laym.
568 500 601 548 c.
623 503 635 547 r
656 502 693 549 n.
717 480 771 568 14.
788 476 922 575 Sporcr
938 502 971 549 c.
992 475 1013 548 5
1029 501 1067 546 u.
1084 501 1169 550 202.

90 568 278 647 etHolzm.
292 598 328 644 n.
350 570 412 669 167
422 598 507 645 oum
522 571 691 646 Anaclet
702 570 779 647 aliis
790 576 1041 658 communiter,
1052 571 1169 673 quod,

89 667 186 741 sicirt
204 669 274 744 tale
295 670 814 762 Matrimoniumestvalidum‚
825 676 873 746 ita
888 673 1006 745 simet
1020 698 1170 769 sponsa-

89 761 153 838 lia.
171 764 250 841 Nec
269 768 412 842 officere
435 770 485 840 ait
501 770 646 841 Holzm.
664 783 804 843 textum
829 773 867 842 in
889 772 916 841 Ι.
948 778 962 840 ι’
976 771 1008 865 5.
1066 768 1103 840 ff.
1123 769 1170 842 do

90 862 220 962 Spons.
234 865 295 937 ubi
307 866 352 939 sd
369 866 527 939 valorem
540 867 917 965 sponsaliumvidetur
931 868 1066 966 requiri
1077 894 1172 940 con-

90 984 220 1035 sensus
242 975 457 1064 pareutum,
481 963 685 1059 parimodo
706 991 748 1037 ac
767 967 965 1065 requiritur
984 970 1020 1037 in
1040 967 1172 1039 Matri·

90 1061 241 1144 monio‚
264 1068 361 1157 juxta
381 1064 409 1136 l.
428 1063 464 1134 si
481 1078 524 1135 ut
541 1064 716 1165 proponis
733 1087 753 1162 7
770 1066 810 1136 C.
829 1063 911 1136 cod.
930 1063 984 1135 tit.
1002 1064 1173 1159 Respon-

84 1157 155 1230 'det
178 1160 279 1232 enim
298 1216 308 1251 ,
325 1161 433 1260 *quod
457 1159 541 1249 lex,
568 1163 710 1234 tametsi
736 1159 930 1260 prohibeat
958 1161 1174 1260 hupusmodi

90 1258 296 1356 sponsalia.
318 1286 393 1333 nou
409 1276 529 1332 tamen
547 1258 610 1331 illa
626 1258 813 1333 invalidet.

143 1354 232 1428 Haec
259 1353 381 1457 qudad
409 1354 632 1429 validitatem
653 1385 662 1441 ;
690 1359 754 1430 sed
781 1358 961 1458 quaeritur
982 1357 1010 1431 l.
1035 1376 1111 1447 an,
1137 1370 1177 1432 ct

94 1452 267 1558 quando,
288 1469 325 1528 et
340 1454 497 1552 qualiter
514 1470 664 1553 peccent
684 1455 909 1530 filiifamilias
923 1456 1068 1554 nuptias
1087 1452 1176 1528 con-

94 1551 278 1625 trahentes
303 1554 381 1625 sinc
407 1578 583 1628 consensu
634 1552 830 1627 arentum?
852 1555 1017 1646 Quatuor
1040 1553 1177 1628 adsunt

94 1652 298 1724 sententioe.
317 1650 457 1735 Prima,
478 1664 514 1723 et
533 1581 683 1752 quidem
705 1653 939 1725 communior
960 1650 1069 1725 docet
1088 1653 1177 1726 uni-

95 1748 209 1837 versi,
227 1774 289 1822 eos
307 1774 458 1848 peccare
472 1748 678 1835 lethaliter,
696 1753 724 1821 si
746 1749 1018 1824 Matrimonium
1038 1752 1178 1836 ineant,

125 1845 310 1920 arentibus
337 1848 410 1920 siva
432 1846 675 1932 inconsultis,
700 1848 774 1920 sive
792 1849 936 1932 iuvitis;
957 1849 1004 1919 ita
1022 1849 1177 1921 Pontius
1219 1922 1222 1925 .

95 1870 306 2020 liaustu.
328 1946 384 2018 26.
402 1945 489 2020 lllol.
510 1960 634 2021 trtr.
656 1972 689 2018 2.
706 1946 750 2018 D.
772 1944 850 2018 166.
870 1944 1093 2045 Sylv.Supp.
1113 1973 1180 2045 qu.
1246 1984 1251 1999 ·

95 2045 226 2140 ripert.
246 2041 280 2115 6.
299 2043 428 2133 Concl.
443 2048 477 2136 4.
495 2044 583 2117 Nar.
601 2071 635 2118 c.
658 2048 699 2138 14
718 2071 755 2116 n.
782 2044 834 2116 15.
851 2044 1035 2117 Petrocor.
1052 2060 1076 2117 t.
1097 2047 1120 2137 4
1136 2072 1179 2145 p.
1233 2094 1236 2105 ·

94 2141 181 2234 4ι3.
210 2139 344 2240 Abelly
366 2170 401 2239 p.
428 2143 509 2216 205.
535 2143 692 2238 Roncag.
714 2168 751 2241 p.
772 2143 842 2239 269
860 2167 923 2240 qu.
945 2141 978 2214 3.
1003 2143 1119 2217 Conc.
1140 2170 1181 2243 p.

99 2239 166 2312 281
190 2264 228 2311 n.
248 2244 319 2331 det
333 2265 400 2353 pro
418 2240 487 2313 hac
502 2243 678 2313 sententia
695 2239 813 2311 susam
827 2238 943 2311 edidit
956 2238 1180 2335 dissertatio-

98 2361 186 2409 nem
209 2334 395 2414 illustriss.
419 2341 463 2415 D.
483 2339 703 2439 ⁸franciscus
725 2336 950 2410 ltluscuttula
974 2337 1181 2438 Episcopus

97 2434 357 2524 Rossaneuds,
374 2438 436 2510 cui
453 2435 644 2509 novissimi
661 2434 787 2508 doctas
807 2432 949 2509 addidit
968 2440 1180 2524 annotatio·-

99 2558 166 2606 nes
183 2532 445 2606 eruditosimus
465 2536 674 2608 Canonicus
698 2531 850 2629 Neapol.
874 2533 1017 2607 Alezius
1033 2534 1183 2606 Mazzo-

101 2630 228 2722 chius,
248 2631 312 2703 ubi
330 2631 488 2709 citantur
506 2659 571 2727 pro
587 2631 715 2703 eadem
733 2632 909 2702 sententia
924 2630 1048 2703 Alber.
1060 2633 1180 2727 Mago.

98 2729 246 2813 Estius,
268 2726 422 2802 lllerbes.
444 2730 574 2828 Megal.
596 2730 684 2826 Fag.
701 2726 812 2802 Nald.
834 2728 987 2802 Torrec.
1005 2728 1184 2806 Bellarma

99 2829 219 2903 Amic.
240 2828 389 2901 Manstr.
407 2827 550 2898 Martio.
566 2827 707 2900 Loand.
728 2823 866 2900 March.
883 2825 1019 2915 Vidal,
1039 2826 1184 2915 Plaiel.

100 2926 206 3002 lsam.
226 2924 320 2999 Gen,
339 2924 459 2999 Natal.
478 2923 577 2997 Alex.
595 2924 716 3008 luen..
735 2923 865 2996 cauas.
885 2922 995 2995 etalii
1010 2951 1020 2993 τ
1033 2924 1098 2995 sed
1112 2952 1184 2998 no-

101 3023 278 3115 tandum,
301 3021 402 3194 ppod
421 3048 464 3097 ex
487 3020 544 3096 liis
548 3021 688 3192 ¹plures
714 3026 729 3101 l
741 3037 782 3094 ut
806 3021 992 3094 observavi
1006 3022 1044 3116 ),
1070 3019 1184 3120 proiit

99 3121 275 3198 Bellarm.
338 3120 446 3196 lbert.
475 3123 524 3196 M.
581 3118 1184 3209 stius,Turreorem.Juenin‚et
1226 3164 1239 3187 .-

102 3218 251 3294 Cabass.
275 3220 418 3307 dicant,
440 3219 591 3319 quidem
614 3220 694 3293 haec
711 3218 943 3291 Matrimonia
963 3242 1039 3291 esse
1054 3217 1183 3293 illicita

103 3317 232 3418 (quod
250 3323 372 3392 reveri
391 3343 519 3391 omnes
534 3318 612 3391 DD.
625 3316 879 3407 concedunt),
898 3313 1052 3388 sednon
1067 3318 1184 3416 expli·

104 3431 212 3502 cent,
228 3442 275 3488 an
293 3414 363 3487 sub
380 3414 487 3515 culpa
505 3415 691 3516 gravi,vcl
709 3415 791 3487 levi.
808 3412 989 3486 Probatur
1004 3413 1084 3487 haec
1099 3439 1185 3487 sen-

103 3515 216 3589 tentia
239 3541 252 3588 1
274 3540 317 3586 ex
334 3540 366 3586 c.
386 3511 509 3601 Aliter,
519 3513 633 3586 Causa
643 3513 690 3587 30
703 3540 764 3613 qu.
779 3512 816 3598 5,
830 3511 894 3584 nbi
909 3510 1038 3605 legitur
1052 3514 1186 3587 Decre-

104 3628 186 3686 tum
206 3609 301 3697 illud
319 3613 481 3684 Erasisto
501 3612 609 3709 Papae
626 3610 824 3699 tributum,
842 3624 917 3710 'quo
934 3612 1075 3683 dictum
1097 3609 1183 3700 fuit,

79 3752 82 3761 «
106 3711 280 3812 praesumi
305 3735 376 3783 non
400 3708 583 3807 conjugio,
604 3711 672 3783 sed
688 3708 882 3795 adulteriis,
903 3706 971 3779 illa‘
987 3732 1067 3806 quae
1091 3708 1186 3780 liunt

106 3813 184 3883 sine
206 3834 386 3884 consensu
412 3821 607 3905 parentum
627 3865 636 3890 ,
658 3822 695 3880 et
717 3808 796 3879 sine
824 3806 962 3907 praeviis
985 3803 1186 3904 precibus,

106 3908 184 3980 sine
209 3906 465 3993 benedictione
488 3904 713 3993 Sacerdotis,
739 3919 775 3977 et
795 3902 960 3980 custodia
988 3904 1188 4015 Paranpm·

109 4004 282 4106 phorum,
297 4019 365 4080 etc.
385 4008 434 4078 Et
449 4029 493 4077 ex
509 4029 545 4076 c:
558 4002 771 4079 Honoratur
786 4003 831 4074 32
845 4026 912 4101 qu.
930 4028 949 4072 2
962 3998 1023 4071 ubi
1041 3998 1191 4087 dicitur,

110 4128 186 4179 nou
204 4129 281 4203 esse
296 4101 480 4205 virginalis
495 4102 652 4206 pudoris
666 4104 841 4177 maritum
854 4097 1007 4202 eligere,
1022 4098 1086 4173 sed
1101 4098 1204 4203 judie
