2917 4709
175 485 178 491 4
239 429 242 436 ¹
316 382 413 490 'esp-'⁸
422 397 465 464 11.
482 397 571 468 Dub.
588 397 629 466 Η.
640 399 691 466 De
702 397 907 468 Sacrumeato
917 397 1063 468 Ordinis.
1170 395 1214 467 so

92 587 97 596 ,
148 487 349 678 &epulares
372 508 537 584 ordinari
554 501 790 606 poterunt'sd
813 508 1093 597 Sacerdotium,
1116 503 1240 586 adhirc

153 632 194 677 m
229 632 239 677 ι

244 632 337 706 agna
352 608 480 683 Latina
497 606 733 698 deficientes?
746 608 951 695 Praeterea,
970 609 1113 684 addunt
1126 609 1241 684 Salm.

153 701 180 775 l.
198 728 231 777 c.
247 729 334 780 cum
348 705 458 781 Rodr.
473 720 510 779 et
525 707 639 780 Henr.
657 708 846 807 pariterue
863 732 930 807 pro
947 707 1154 806 Religiosis,
1169 701 1243 781 suf·

156 801 268 877 ficere
286 830 354 901 pro
369 803 608 879 secularibus
622 806 804 890 sacristis,
822 804 1052 896 curatoribus,
1070 820 1107 880 et
1121 803 1257 880 simili-¹

153 895 243 986 bus,
263 916 304 977 ut
321 901 441 977 sciant
457 901 600 977 tantiam
619 902 757 1001 legere,
777 928 933 994 canere,
954 922 991 979 et
1012 910 1143 1005 exequi
1168 904 1243 978 mi-

153 1001 303 1073 misteria
329 1002 493 1076 Ordinis.
517 1005 577 1076 An
600 1016 723 1075 autem
744 999 822 1076 hsec
845 999 1011 1078 doctrina
1031 1004 1079 1076 sit
1098 1002 1180 1077 vere
1205 1015 1245 1077 et

153 1098 371 1267 generaliter
389 1100 611 1214 probabilis,
633 1125 702 1175 nec
720 1098 838 1175 audeo
855 1126 1014 1176 asserere
1032 1130 1042 1171 :
1062 1100 1242 1204 sapienti-

60 1231 65 1240 ·
183 1222 226 1271 us
245 1223 302 1270 me
320 1213 479 1273 remitto.

203 1294 275 1372 Hic
295 1312 419 1371 antem
445 1295 710 1372 advertendum
741 1324 772 1370 r.
800 1295 903 1397 qnod
924 1297 1133 1398 Episcopus
1153 1323 1302 1396 pos-scs

152 1391 203 1467 sit
228 1393 380 1492 quidem
404 1397 484 1470 sinc
512 1398 676 1469 examine
702 1396 901 1494 Religiosos
933 1397 1140 1484 ordinare,
1179 1423 1243 1471 ac·

85 1579 98 1602 .
156 1492 383 1592 quiescendo
407 1496 620 1568 testimonio
642 1518 773 1568 eorum
788 1494 1055 1587 'Praelatornm3
1072 1494 1138 1567 sed
1165 1494 1244 1594 ipse

152 1590 260 1663 etiim
282 1593 413 1691 possit,
430 1596 460 1666 si
476 1593 583 1683 velit,
604 1619 666 1667 eos
682 1593 913 1677 examinare,
929 1608 972 1665 ut
995 1593 1093 1667 recte
1113 1593 1250 1668 dicunt*
1390 1617 1402 1666 r

152 1688 289 1763 Escob.
306 1715 344 1764 n.
362 1685 568 1792 nestram.
592 1705 641 1766 to.
659 1691 735 1791 sp.
756 1691 826 1764 253
842 1707 879 1763 et
893 1690 1004 1765 Salm.
1025 1719 1056 1765 c.
1077 1691 1099 1766 5
1121 1717 1157 1763 n.
1178 1691 1242 1785 46.

152 1812 242 1861 cum
267 1793 427 1876 Aversa,
456 1789 613 1872 Mirand.
631 1848 640 1880 ,
661 1805 731 1863 etc.
749 1792 801 1863 Et
826 1788 871 1861 de
898 1788 968 1862 hoc
991 1797 1140 1862 nonest
1164 1815 1244 1861 am·

19 1934 21 1938 -
152 1885 251 1985 plina
270 1886 518 1963 dubitandum
531 1881 621 1989 ,post
635 1887 782 1963 Buliam
797 1888 937 1961 Bened.
953 1887 1056 1962 XIV.
1070 1887 1245 1983 (allatam

153 2010 195 2056 n.
228 1984 328 2082 768)
353 1992 427 2088 qni
451 2002 628 2061 statutum
654 1988 725 2061 fuit
753 1985 949 2086 Regulares
978 1984 1244 2061 examinandos

152 2103 232 2158 osse
249 2083 295 2157 ab
309 2087 498 2185 Episcopo
512 2086 718 2160 ordinante.
1212 2176 1221 2188 ·

200 2180 480 2262 'Advertendum
514 2212 548 2260 a.
578 2211 646 2283 pro
679 2182 853 2258 omnihus
875 2182 1113 2272 initiandis,
1142 2178 1245 2280 qnod

152 2281 363 2383 Episcopus
382 2299 548 2360 teneatur
565 2309 634 2383 per
654 2309 692 2355 se
709 2282 768 2355 uei
796 2282 887 2355 alios
914 2308 977 2356 eos
1003 2281 1212 2356 examinare
1233 2335 1246 2369 ,

152 2381 225 2454 nisi
241 2380 391 2457 aliunde
407 2384 454 2457 sit
473 2398 593 2458 certus
610 2383 656 2455 de
671 2382 838 2482 ipsorum
857 2380 1056 2454 idoneitate
1074 2406 1139 2481 per
1153 2406 1246 2479 pro·

151 2482 273 2580 priam
292 2482 484 2567 notitiam,
505 2480 564 2554 vel
616 2508 655 2554 er
674 2505 912 2554 communem
934 2478 1148 2578 opinionem
1167 2503 1176 2569 ;
1195 2480 1247 2554 itt

156 2577 255 2651 recte
276 2581 385 2652 etiem
399 2580 510 2653 Salm.
531 2606 564 2653 c.
588 2507 665 2654 in.
683 2580 733 2672 46
749 2602 837 2654 cum
858 2576 997 2652 eisdem
1015 2579 1091 2653 ΑΛ.
1109 2577 1171 2651 cit.
1189 2579 1247 2652 Ex

152 2674 462 2753 omnibusautem
501 2676 660 2751 roedictis
677 2679 830 2774 insuper
842 2675 1120 2767 advertendum,
1131 2674 1246 2775 quod,

86 2803 92 2810 ·
151 2789 233 2846 esto
248 2775 455 2873 Episcopus
471 2703 573 2851 iicite
590 2776 704 2873 possit
701 2789 886 2945 1petentes
904 2773 1099 2860 ordinare,
1117 2774 1147 2846 si
1164 2797 1247 2848 eam

156 2871 313 2946 afferant
330 2874 547 2964 scientiam,
572 2898 683 2973 quam
737 2872 965 2946 ridentinum
984 2873 1138 2972 requirit
1154 2895 1164 2961 ;
1180 2897 1250 2972 per

153 2969 227 3058 ime
253 2985 376 3045 tamen
400 2997 477 3048 uon
498 2969 582 3045 ided
609 2969 1102 3070 prohibeatur·,quomini1s
1123 2975 1248 3070 maio-j

154 3095 233 3143 rem
249 3071 367 3169 exigat
381 3071 607 3145 scientiami
628 3069 703 3143 suis
720 3068 877 3142 subditis
897 3071 912 3166 (
930 3081 1018 3141 uam
1037 3095 1104 3168 pro
1118 3066 1246 3144 alienis
1276 3069 1280 3080 ’
1300 3133 1303 3136 ,

17 3191 25 3204 “
70 3189 75 3196 ·
148 3168 262 3263 aliter·
274 3167 509 3246 sentiendum
524 3173 560 3264 );
582 3167 738 3243 maxime
754 3168 784 3242 si
803 3167 860 3241 ilii
875 3167 1093 3241 ordinentur
1108 3165 1154 3240 ad
1173 3168 1247 3252 Ec·

153 3264 304 3340 ciceiam
319 3266 477 3368 alicujus
498 3266 637 3368 amplae
659 3267 812 3342 civitatis
828 3324 837 3351 ,
852 3267 949 3365 qnia
971 3264 1182 3340 Concilium
1206 3268 1248 3341 in

155 3366 221 3446 iis,
241 3391 325 3466 quse
348 3365 445 3441 circi
465 3368 662 3442 ‚scientium
691 3367 934 3465 prescripsit,
961 3362 1105 3438 tantiuin
1131 3364 1248 3444 voluit

144 3460 313 3555 ⁸modum
331 3487 468 3562 ponere
490 3466 708 3567 Episcopia‚
729 3490 776 3538 ne
803 3476 1063 3564 promoverent
1077 3461 1246 3560 aliquem

157 3562 310 3636 scientid
340 3562 550 3661 praescripti
583 3577 790 3653 carentem,
813 3586 888 3635 non
920 3560 1006 3634 rerd
1037 3562 1242 3659 prohibuit,

157 3661 249 3760 quin
273 3661 450 3759 Episcopi
479 3668 665 3759 ¹majorem
696 3662 890 3736 scientiam
921 3661 1136 3759 requirant,
1176 3661 1247 3734 nisi

156 3760 355 3837 necessitas
384 3757 457 3832 loci
477 3759 578 3833 aliud
608 3760 762 3835 omnini>
781 3758 955 3861 postulet.
981 3759 1077 3832 Hinc
1105 3759 1248 3856 sapien·

156 3857 295 3932 tissime
311 3859 357 3933 D.
377 3855 560 3933 Fabrttius
583 3857 628 3932 de
648 3861 775 3957 Capua
792 3859 1103 3958 Archiepiscopus
1122 3856 1247 3929 Saler·
1373 3885 1375 3890 ⁴

81 3957 84 3960 ’
143 3961 306 4029 ‘nitsuns
323 3955 479 4058 (dignus
493 3963 666 4054 perpetui
686 3959 862 4032 memoria
880 3955 929 4029 ob
944 3956 1063 4027 zelum
1080 3954 1118 4027 in
1136 3955 1246 4028 Ciero

160 4054 419 4152 reformando)
437 4055 582 4130 nullum
601 4054 647 4130 ad
664 4057 917 4132 Sacerdotium
937 4051 1172 4146 admittebat,
1189 4056 1247 4126 ni-

144 4152 191 4224 ·ui
207 4152 309 4249 priirs
325 4179 409 4228 enm
429 4156 593 4253 rigoroso
607 4156 792 4244 examine,
805 4158 914 4228 etiam
929 4150 976 4225 ad
993 4151 1247 4225 Conicssiones

141 4249 569 4337 *audiendamidonaom
590 4253 832 4354 dignosceret.
850 4252 1001 4332 Utinam
1023 4249 1136 4347 huius
1152 4250 1250 4330 Praee

153 4347 250 4427 salia
271 4349 481 4455 exemplum
498 4378 626 4430 omnes
649 4354 902 4436 sectarentur}
920 4376 1002 4428 nou
1019 4349 1171 4462 quidem
1189 4347 1246 4435 is:
