2917 4709
265 263 327 348 274
368 260 440 328 Lib.
459 261 518 331 Vl.
535 261 641 328 Tract.
659 260 1059 366 lbDeExtrema—Uuot„
1076 258 1253 328 etOrdiue.

263 399 434 448 concessa
450 374 488 447 in
506 400 661 473 corpore
681 373 782 468 juris,
800 373 899 444 ex‘d.
912 370 1209 462 cQuorumdam
1223 368 1342 464 ,Dist

262 473 311 570 69
330 504 338 546 z
357 473 564 547 Concilium
582 487 702 545 autem
721 466 888 544 Trident.
903 485 939 543 et
955 473 1151 544 Decretum
1172 469 1206 540 S.
1224 471 1266 540 C.
1283 492 1342 538 su-

266 576 328 668 pra
351 572 505 645 relatum
532 565 699 643 videntur
715 570 943 642 interdixisse
959 568 1103 642 tantiam
1127 566 1340 641 exercitium

265 669 346 745 talis
369 669 570 754 facultatis3
592 696 664 769 qua
692 667 737 741 de
759 696 797 741 re
822 665 982 742 Abbates
996 666 1123 740 intent
1142 664 1340 762 ordinant,

263 767 327 840 sed
347 793 419 841 non
440 765 608 842 invalide.
625 771 674 860 Et
689 771 740 842 sic
763 771 776 858 l
790 784 831 840 ut
844 767 953 839 refert
969 766 1158 839 Benedict.
1175 763 1274 836 XIV.
1295 759 1343 834 de

261 867 409 1040 {pundo
428 885 453 938 t.
483 895 492 939 ι
517 896 551 964 p.
581 869 679 966 ιη.)
702 865 927 939 declaratum
946 865 1014 937 fnit
1035 871 1052 937 a
1071 865 1106 936 S.
1130 866 1171 937 C.
1197 863 1256 933 die
1281 862 1341 937 23.

297 991 353 1039 ov.
383 968 467 1058 1641
496 980 531 1037 et
559 968 815 1039 confirmatum
842 963 901 1037 die
930 963 971 1038 16
993 964 1112 1036 Martii
1135 960 1249 1060 1726,
1276 961 1340 1035 uti

209 1085 217 1104 ¹
262 1065 403 1137 dictum
422 1064 510 1148 suit,
531 1063 744 1158 hujusmodi
769 1063 957 1136 ordinatos
979 1062 1024 1134 ab
1040 1060 1247 1135 Abbatibus
1265 1058 1339 1156 pri-

260 1160 434 1261 vilegium
451 1160 671 1236 habentibus
691 1163 853 1258 indigere
878 1160 1021 1234 tantiam
1046 1158 1276 1231 absolutione
1302 1172 1339 1230 et

260 1260 552 1340 rehabilitatione
571 1267 590 1334 a
612 1260 704 1335 Sede
720 1261 952 1358 Apostolica,
972 1260 1036 1334 sed
1058 1285 1132 1331 non
1149 1256 1340 1329 reordina-

260 1360 379 1446 tione,
400 1369 588 1460 tamquam
606 1358 725 1434 aalide
744 1358 943 1433 ordinatos.
964 1355 1081 1457 quue
1101 1356 1212 1455 magis
1240 1370 1340 1455 patet

259 1483 302 1530 ex
319 1459 473 1533 Decreta
493 1458 695 1558 approbato
716 1462 879 1559 utsupra
897 1456 944 1530 ab
960 1456 1053 1530 Urb.
1069 1455 1167 1526 VIII.
1187 1451 1247 1526 ubi
1267 1454 1340 1538 im·

260 1557 412 1663 ponitur
426 1559 616 1658 suspensio
630 1555 816 1630 Ordinatis
828 1556 873 1628 ab
886 1553 1098 1656 hujusmodi
1113 1553 1339 1640 abbatibus,

259 1653 346 1752 erpi>
359 1657 428 1753 ipsi
434 1660 516 1825 jam
540 1655 723 1728 habentur
741 1682 807 1753 pro
821 1653 943 1729 valide
961 1655 1150 1726 ordinatis.

203 1796 249 1849 ff„
309 1752 344 1826 N
348 1771 430 1826 utun
462 1782 522 1826 um
538 1754 583 1826 ll.
604 1751 798 1827 Probabile
811 1779 903 1836 esse,
922 1755 1130 1828 Ministrum
1144 1749 1341 1824 conseren-

206 1847 214 1865 ‘
239 1841 334 1924 'tem
351 1847 387 1926 iu
408 1854 549 1925 mortali
566 1853 723 1925 Ordines
737 1854 894 1926 minores
914 1878 989 1923 non
1007 1875 1158 1952 peccare
1174 1851 1340 1922 mortali·

260 1964 344 2033 ter,
373 1949 676 2050 quandoquidem
698 1952 784 2024 satis
814 1949 1003 2048 probabile
1027 1966 1103 2038 est,
1120 1949 1221 2049 quod
1248 1948 1342 2021 tales

259 2048 416 2123 Ordines
437 2077 510 2122 noo
524 2051 598 2122 siut
610 2051 855 2132 Sacramenta,
869 2055 968 2149 juxt'a
984 2047 1081 2121 dicta
1096 2075 1134 2120 n.
1151 2048 1233 2145 736.
1248 2047 1343 2119 Cer·

259 2147 340 2217 'tum
363 2163 418 2220 est
441 2163 582 2234 antem,
612 2147 712 2245 quod
729 2153 804 2219 tam
828 2146 1021 2221 conserens
1038 2147 1166 2231 (etiam
1181 2146 1341 2241 Ordines

260 2241 445 2342 minores)
463 2245 662 2319 innodatus
688 2247 812 2347 aliqud
838 2249 1009 2334 censurb,
1038 2246 1189 2340 graviter
1213 2270 1344 2357 pecca·

257 2357 362 2415 turus
383 2348 450 2435 sit,
481 2360 518 2417 et
548 2342 742 2429 futurum,
773 2359 812 2416 ut
842 2347 1005 2418 incurrat
1038 2342 1341 2443 irregularitatem

210 2445 214 2450 ’
255 2467 430 2514 exercens
459 2459 581 2514 actum
607 2443 868 2529 ordinationis,
890 2469 1000 2543 quam
1026 2442 1227 2541 suscipiens
1252 2467 1342 2515 cum

255 2567 409 2613 censura
437 2541 571 2640 pariter
593 2540 784 2640 peccabit,
811 2557 846 2614 et
872 2543 1035 2614 incurret
1061 2540 1342 2638 suspensionem

256 2635 305 2711 ab
322 2638 460 2711 Ordine
478 2656 660 2735 suscepto.
681 2637 777 2712 Vide
794 2637 904 2713 Salm.
924 2665 956 2712 c.
975 2643 1000 2734 4
1018 2665 1055 2711 ιι.
1073 2663 1131 2735 71.

193 2765 251 2832 cos
307 2735 520 2810 Notandum
543 2737 607 2810 lll.
631 2737 825 2834 Regulares
850 2764 892 2812 es
918 2765 999 2838 cap.
1020 2739 1115 2810 Cum
1139 2733 1300 2819 Nullus,
1322 2734 1343 2830 ᾖ

259 2837 309 2909 lin
326 2833 373 2910 de
392 2838 524 2937 Temp.
545 2835 635 2910 Ord.
659 2837 696 2909 in
719 2833 745 2909 6
767 2833 901 2910 debere
915 2837 1101 2936 suscipere
1116 2833 1275 2907 Ordines
1292 2832 1341 2905 ab

258 2932 474 3035 Episcopo,
499 2936 538 3008 in
563 2938 670 3035 cuius
699 2936 855 3009 Dioeccsi
884 2951 939 3008 est
968 2935 1254 3022 Monasterium,
1275 2934 1341 3005 ubi

254 3031 354 3107 'tunc'
364 3035 650 3108 commorantur.
666 3029 717 3108 Et
729 3034 895 3134 quamvis
910 3035 946 3106 S.
964 3027 1106 3120 PiusV.
1120 3035 1342 3104 concesserit

259 3132 488 3229 privilegium
515 3131 702 3230 Religiosis
719 3191 731 3224 ,
751 3149 793 3206 ut
812 3148 960 3229 possent
978 3132 1141 3205 ordinari
1167 3129 1212 3203 ab
1239 3129 1339 3217 alio,

257 3236 369 3328 quam
387 3229 433 3301 ab
446 3227 635 3329 Episcopo
652 3231 747 3317 loci,
771 3230 835 3304 ubi
852 3229 1012 3328 degunt,
1030 3226 1194 3303 attamen
1209 3231 1273 3325 (ut
1286 3255 1344 3300 re·

259 3329 326 3399 fert
350 3328 514 3402 Concina
533 3355 567 3426 p.
590 3329 636 3403 35
657 3356 690 3401 n.
716 3331 792 3421 ro.)
816 3323 1014 3428 Gregorius
1039 3328 1120 3402 XV.
1135 3328 1207 3399 boc
1223 3328 1342 3425 privi-

256 3417 395 3523 legium
424 3430 605 3500 revocavit
624 3453 633 3515 ;
653 3426 823 3524 hancque
848 3429 1114 3500 revocationem
1139 3428 1343 3499 confirma-

258 3523 525 3599 rnnt'Clemens
535 3524 635 3597 VIII.
653 3541 688 3599 et
700 3526 835 3598 Beued.
848 3523 945 3598 XIlI.
961 3524 1087 3608 Bulla,
1102 3524 1146 3594 Iu
1157 3549 1341 3620 suprema,

251 3623 352 3697 :edita
374 3625 417 3697 23
436 3623 658 3721 Septembris
683 3627 773 3721 1724
788 3642 824 3696 et
838 3622 1032 3698 novissime
1046 3623 1091 3697 N.
1106 3623 1147 3695 P.
1162 3621 1340 3696 Benedic-

255 3738 312 3795 tus
327 3719 428 3795 XlV.
448 3722 496 3794 in‘
511 3721 617 3795 Bulla
647 3748 727 3821 quae
753 3721 1220 3821 incipit,lmposr’tr'nobr's,
1240 3744 1338 3793 anno

255 3826 362 3920 ι747.
378 3821 472 3896 Item
492 3819 719 3904 notandum,
739 3823 839 3920 quod
855 3824 891 3896 S.
909 3819 950 3896 C.
966 3821 1032 3915 (ut
1052 3819 1162 3893 refert
1178 3820 1339 3917 Roncag.

246 3948 337 4020 cap.
359 3948 378 3994 a
398 3947 436 4021 q.
453 3921 498 4016 3)
513 3918 558 3991 de
575 3919 750 3993 mandato
764 3920 963 3993 Clementis
976 3919 1075 3993 VIII.
1090 3915 1247 3991 ediderit
1265 3921 1341 3992 De-

247 4036 422 4107 cretum,
444 4046 518 4120 quo
536 4017 765 4104 declaratum
784 4018 876 4106 fnit,
897 4016 1020 4118 qnod,
1043 4017 1073 4090 si
1097 4014 1159 4090 ille
1186 4015 1343 4114 Episco-

246 4115 321 4228 pus
339 4145 413 4191 uon
435 4118 566 4192 lrabeat
583 4117 863 4194 Ordinationem
876 4175 886 4209 ,
900 4131 993 4222 tunc
1006 4116 1180 4216 Superior
1199 4118 1339 4216 poterit
