2917 4709
284 232 369 330 Cap.
384 234 426 304 11.
440 233 528 303 out.
545 235 573 302 1.
588 234 639 304 De
653 233 857 306 Sacramenta
878 233 1024 304 Ordinis.
1088 265 1091 270 ·
1133 236 1198 327 aa,

118 345 293 441 conatis,
315 348 468 422 calicem
487 370 647 422 vacuum
666 375 752 422 cnm
770 361 901 448 patena
918 374 1029 422 vacua
1045 346 1198 422 Subdin-

116 447 292 539 curiatiis,
313 461 349 521 et
372 472 428 519 res
447 445 534 519 alias
558 462 754 546 assignatas
775 444 931 520 aliorum
949 462 1105 547 quatuor
1123 451 1199 521 Or·

116 546 258 620 dinum.
276 549 360 639 Quo
377 548 532 620 Decreta
552 570 637 618 cnm
663 544 858 641 praedictus
881 542 1048 619 Pontifex
1072 545 1198 619 decia·

114 657 193 733 ret,
210 670 335 719 omnes
349 645 507 717 Ordines
522 641 615 716 uitri
631 668 752 717 sacros
769 643 904 716 habere
947 670 987 717 ro
1016 645 1107 717 riam
1123 672 1198 717 ma·

112 744 245 816 teriam
264 769 331 840 pro
351 745 605 827 Sacramenta,
626 758 893 842 corrsequenter
916 671 1098 828 ricciarat,
1118 770 1198 816 om-

110 865 178 913 nes
197 841 289 915 alios
310 840 470 916 Ordines
490 866 567 914 esse
583 841 828 916 Sacramenta.
845 838 922 915 Nec
936 841 1075 919 obstat.
1092 839 1195 942 quod
1315 918 1318 923 ⁴

111 940 282 1013 minister
304 939 544 1013 ordinationis
566 939 613 1012 sit
631 938 732 1013 aolus
754 941 983 1039 Episcopus,
1007 953 1047 1011 ut
1062 939 1198 1013 dicitnr

111 1038 149 1109 in
174 1038 278 1110 Trid.
300 1064 386 1112 sess.
406 1038 451 1111 23
477 1064 511 1112 c.
542 1040 564 1133 4
589 1054 626 1111 et
641 1060 676 1137 7.
695 1036 790 1110 Nam
809 1037 1076 1136 respondetur,
1095 1037 1203 1137 quod

110 1134 184 1209 hoc
202 1138 429 1231 inteiiigatur
446 1136 491 1209 dc
507 1137 683 1211 ministro¹
694 1136 892 1223 ordinario,
908 1162 982 1208 non
998 1152 1119 1208 antem
1135 1162 1199 1209 ex-

106 1235 372 1322 traordinario,
388 1261 498 1336 quem
515 1236 563 1309 Pa
593 1263 612 1307 a
631 1233 723 1310 bene
746 1249 863 1334 potest
876 1234 1051 1334 deputare
1066 1235 1112 1306 ad
1129 1234 1200 1306 bu-

111 1334 280 1431 josmodi
303 1335 460 1408 Ordines
485 1262 753 1420 continendos,
779 1350 818 1407 ut
843 1334 973 1406 dicunt
992 1334 1103 1405 Saim.
1125 1332 1201 1426 ci

110 1457 149 1505 n.
174 1456 222 1531 ¹9
246 1458 330 1505 cum
353 1432 438 1505 Soto
460 1488 470 1516 ,
495 1432 628 1508 Sancb.
653 1432 730 1507 Pal.
753 1448 792 1505 et
818 1430 896 1505 aliis
919 1433 1167 1508 communiter
1187 1479 1204 1521 ,-

29 1536 32 1545 '
109 1556 154 1603 ex
176 1531 318 1701 [λιγὺ.
337 1587 345 1608 .
366 1533 428 1630 qui
451 1530 489 1604 id
511 1531 678 1631 expressi
696 1532 806 1604 docet
821 1530 944 1629 suppl.
971 1556 1004 1630 q,
1024 1529 1071 1604 38
1087 1544 1154 1604 nrt.
1181 1552 1195 1603 t

109 1628 158 1700 ad
172 1628 206 1699 3.
266 1629 335 1702 tde
350 1627 445 1703 iacto
465 1628 623 1702 habetur
640 1654 682 1702 ex
699 1628 782 1701 eod.
798 1629 906 1701 Trid.
921 1628 1015 1700 Sess.
1035 1629 1080 1700 23
1098 1655 1131 1701 c.
1158 1650 1199 1701 ro

144 1726 222 1799 nod
240 1727 400 1801 Abbates
416 1726 724 1829 possintOrdines
743 1727 901 1799 minores
915 1726 1102 1815 conseram
1116 1723 1200 1799 vide

110 1752 270 1897 itcenda
291 1851 324 1898 n.
345 1826 425 1926 763.
445 1828 630 1899 Sententia
646 1825 692 1902 11.
711 1851 794 1925 qnae
811 1826 1054 1911 dicit,solum
1067 1825 1202 1897 Sacer-·
1314 1832 1316 1835 ’

112 1922 260 1996 dotium
272 1950 349 1997 esse
366 1925 669 2014 Sacramentum,
691 1948 764 1996 non
782 1940 838 1995 est
853 1922 942 1995 mihi
955 1938 992 1995 et
1007 1921 1088 1994 aliis
1103 1947 1202 1994 com·

109 2022 330 2096 manissime
342 2024 426 2096 satis
443 2022 643 2124 probabilia
654 2047 699 2095 ex
717 2022 773 2108 iis,
789 2044 873 2120 quae
890 2018 1125 2110 mundicam,
1145 2018 1203 2092 lo·

112 2119 264 2220 quando
285 2123 331 2194 de
349 2138 475 2221 quarta
495 2124 686 2196 sententia.
706 2121 891 2193 Sententia
915 2119 977 2192 ΠΙ.
1002 2119 1135 2218 pariter
1158 2143 1201 2197 ac

110 2222 236 2317 prima
253 2236 307 2293 est
325 2217 538 2319 probabilis.
552 2219 624 2293 Sed
638 2220 727 2292 mihi
739 2218 965 2319 probabilior
977 2235 1032 2290 est
1044 2211 1109 2291 IV.
1122 2242 1201 2289 sen·

111 2320 227 2391 tentia
243 2373 252 2403 ,
268 2343 351 2417 qnae
369 2320 496 2405 docet,
516 2318 656 2392 tantum
676 2316 955 2403 Sacerdotium,
971 2329 1008 2388 et
1023 2318 1204 2389 Diacona·

114 2427 198 2488 tum
219 2442 296 2491 esse
315 2420 614 2502 Sacramentum,
630 2442 705 2491 non
722 2415 810 2488 verb
825 2416 916 2489 alios
933 2412 1101 2488 Ordines.

162 2515 287 2586 Prima
319 2540 425 2615 pars,
458 2516 558 2617 quod
583 2542 660 2589 non
685 2514 807 2588 solirm
832 2511 1111 2602 Sacerdotium,
1136 2508 1203 2587 sed

115 2611 229 2682 etidm
252 2613 473 2687 Diaconatns
492 2615 540 2688 ait
558 2614 862 2699 Sacramentum,
886 2610 1086 2714 probatur,
1115 2613 1202 2708 quia

113 2708 154 2780 in
186 2707 413 2783 ordinatione
436 2711 590 2786 Diaconi
610 2732 842 2787 concurrunt
862 2712 959 2801 tria,
982 2726 1022 2783 ut
1043 2707 1201 2782 diximus

114 2805 336 2880 sufficientia
353 2808 399 2882 ad
416 2812 693 2882 Sacramentum
710 2866 720 2901 ,
737 2809 871 2907 nempd
894 2836 922 2882 r.
942 2807 1098 2905 Signum
1119 2833 1202 2879 seu·

111 2902 242 2991 sibile,
260 2905 400 2980 scilicet
411 2908 593 3007 impositio
609 2933 799 2981 manuum.
816 2934 848 2979 n.
865 2909 1048 2981 Institutio
1067 2907 1202 2994 divina,

113 3028 205 3078 nam
218 3005 333 3079 Cone.
349 3006 516 3080 Trident.
535 3004 723 3080 definivit:
742 3006 785 3077 Si
797 3005 873 3105 quis
884 3001 1061 3076 diceritis
1080 3004 1203 3079 Eccle-

112 3102 170 3180 sia
188 3100 370 3178 Catholicis
384 3130 458 3178 non
475 3128 555 3177 esse
574 3101 824 3177 Hierorchiom
841 3102 960 3174 divina
984 3100 1203 3176 ordinatione

111 3197 326 3294 instituam,
349 3227 425 3304 quoe
446 3216 587 3277 constat
607 3228 657 3277 aaz
680 3201 888 3300 Epiicopis,
906 3199 1123 3293 Presbyteris
1140 3257 1150 3289 ,
1169 3216 1207 3274 et

111 3298 285 3372 ministris
302 3354 312 3389 ,
330 3301 522 3375 anathema
539 3300 596 3377 sit.
613 3303 684 3376 Per
700 3299 758 3375 Τὸ
775 3297 943 3372 ministris
962 3297 1092 3371 saltim
1111 3299 1203 3372 Dia-

113 3397 201 3473 coni
221 3395 452 3497 intelligendi
470 3412 559 3474 sunt
578 3398 701 3474 divina
724 3394 1146 3473 ordinationeinstitnti.
1166 3398 1203 3471 3.
1225 3412 1227 3415 ’

115 3494 314 3569 Concurrit
336 3498 528 3596 promissio
551 3500 697 3597 gratiae,
725 3522 838 3597 quam
860 3494 1068 3597 significant
1091 3494 1203 3571 rerba

110 3590 323 3693 Episcopi.
350 3594 482 3687 Accipe
510 3594 675 3695 Spiritum
701 3592 868 3669 Sanctum
898 3595 949 3667 ad
971 3594 1100 3682 robur,
1133 3608 1200 3667 etc.

110 3693 205 3786 Quae
224 3690 331 3765 rerba
356 3691 494 3768 babent
516 3696 696 3770 rationem
721 3693 875 3782 formae,
896 3707 933 3768 et
956 3692 1041 3767 vere
1065 3690 1201 3793 produ·

114 3805 205 3866 cunt
221 3792 392 3890 gratiam,
411 3810 451 3866 ut
466 3794 610 3891 scripsit
621 3792 835 3869 Anastasius
849 3794 948 3905 Papa
964 3792 1007 3864 ΙΙ.
1023 3792 1062 3864 in
1079 3792 1200 3959 Epist.

114 3890 553 4066 tittttlttittit
569 3890 950 4085 :tittftttiitr
964 3889 1205 4061 titttti

77 4169 85 4187 ,
115 4085 192 4185 qais
207 4088 346 4194 diarria,
357 4113 568 4195 petractans
585 4087 848 4166 Ordinatt'oaem
863 4110 936 4163 non
947 4086 1031 4165 *dari
1037 4083 1208 4192 Spiitarrr
