<?xml version="1.0" encoding="UTF-8"?>
<!DOCTYPE html PUBLIC "-//W3C//DTD XHTML 1.0 Transitional//EN"
    "http://www.w3.org/TR/xhtml1/DTD/xhtml1-transitional.dtd">
<html xmlns="http://www.w3.org/1999/xhtml" xml:lang="en" lang="en">
 <head>
  <title>
</title>
<meta http-equiv="Content-Type" content="text/html;charset=utf-8" />
  <meta name='ocr-system' content='tesseract 3.04.00' />
  <meta name='ocr-capabilities' content='ocr_page ocr_carea ocr_par ocr_line ocrx_word'/>
</head>
<body>
  <div class='ocr_page' id='page_1' title='image "./theologiamorali05ligugoog_0395.png"; bbox 0 0 2917 4709; ppageno 0'>
   <div class='ocr_carea' id='block_1_1' title="bbox 418 223 1261 319">
    <p class='ocr_par' dir='ltr' id='par_1_1' title="bbox 418 223 1261 319">
     <span class='ocr_line' id='line_1_1' title="bbox 418 223 1261 319; baseline -0.005 -23"><span class='ocrx_word' id='word_1_1' title='bbox 418 225 537 318; x_wconf 73' lang='lat' dir='ltr'>Capi.</span> <span class='ocrx_word' id='word_1_2' title='bbox 548 225 636 307; x_wconf 75' lang='lat' dir='ltr'>Diali·</span> <span class='ocrx_word' id='word_1_3' title='bbox 653 226 695 294; x_wconf 86' lang='lat' dir='ltr'>ll.</span> <span class='ocrx_word' id='word_1_4' title='bbox 713 223 996 319; x_wconf 69' lang='lat' dir='ltr'>responsalibus.</span> <span class='ocrx_word' id='word_1_5' title='bbox 1191 223 1261 313; x_wconf 65' lang='grc' dir='ltr'>ιιι</span> 
     </span>
    </p>
   </div>
   <div class='ocr_carea' id='block_1_2' title="bbox 74 336 1290 2111">
    <p class='ocr_par' dir='ltr' id='par_1_2' title="bbox 165 336 1259 436">
     <span class='ocr_line' id='line_1_2' title="bbox 165 336 1259 436; baseline -0.003 -22"><span class='ocrx_word' id='word_1_6' title='bbox 165 338 460 430; x_wconf 65' lang='lat' dir='ltr'>subscribimus,</span> <span class='ocrx_word' id='word_1_7' title='bbox 486 339 604 414; x_wconf 86' lang='lat' dir='ltr'>verior</span> <span class='ocrx_word' id='word_1_8' title='bbox 632 354 669 413; x_wconf 88' lang='lat' dir='ltr'>et</span> <span class='ocrx_word' id='word_1_9' title='bbox 693 341 923 428; x_wconf 78' lang='lat' dir='ltr'>communis,</span> <span class='ocrx_word' id='word_1_10' title='bbox 945 354 994 423; x_wconf 81' lang='lat' dir='ltr'>,nt</span> <span class='ocrx_word' id='word_1_11' title='bbox 1022 336 1154 411; x_wconf 80' lang='lat' dir='ltr'>fatetur</span> <span class='ocrx_word' id='word_1_12' title='bbox 1179 339 1259 436; x_wconf 82' lang='lat' dir='ltr'>ipsc</span> 
     </span>
    </p>

    <p class='ocr_par' dir='ltr' id='par_1_3' title="bbox 74 435 1290 2111">
     <span class='ocr_line' id='line_1_3' title="bbox 169 435 1259 539; baseline -0.005 -25"><span class='ocrx_word' id='word_1_13' title='bbox 169 439 283 539; x_wconf 81' lang='lat' dir='ltr'>Lugii,</span> <span class='ocrx_word' id='word_1_14' title='bbox 299 436 418 527; x_wconf 81' lang='lat' dir='ltr'>docet,</span> <span class='ocrx_word' id='word_1_15' title='bbox 428 438 708 538; x_wconf 77' lang='lat' dir='ltr'>promissionem</span> <span class='ocrx_word' id='word_1_16' title='bbox 723 439 912 537; x_wconf 79' lang='lat' dir='ltr'>prodigam</span> <span class='ocrx_word' id='word_1_17' title='bbox 930 436 1091 533; x_wconf 86' lang='lat' dir='ltr'>obligare</span> <span class='ocrx_word' id='word_1_18' title='bbox 1108 435 1156 509; x_wconf 86' lang='lat' dir='ltr'>ad</span> <span class='ocrx_word' id='word_1_19' title='bbox 1170 463 1259 537; x_wconf 87' lang='lat' dir='ltr'>par·</span> 
     </span>
     <span class='ocr_line' id='line_1_4' title="bbox 74 533 1260 637; baseline -0.003 -25"><span class='ocrx_word' id='word_1_20' title='bbox 74 534 80 545; x_wconf 73' lang='grc'><strong><em>’</em></strong></span> <span class='ocrx_word' id='word_1_21' title='bbox 169 552 266 625; x_wconf 88' lang='lat' dir='ltr'>tem,</span> <span class='ocrx_word' id='word_1_22' title='bbox 280 560 364 637; x_wconf 82' lang='lat' dir='ltr'>quae</span> <span class='ocrx_word' id='word_1_23' title='bbox 381 563 456 619; x_wconf 80' lang='lat' dir='ltr'>nori</span> <span class='ocrx_word' id='word_1_24' title='bbox 475 551 528 610; x_wconf 86' lang='lat' dir='ltr'>est</span> <span class='ocrx_word' id='word_1_25' title='bbox 546 536 723 637; x_wconf 83' lang='lat' dir='ltr'>prodiga,</span> <span class='ocrx_word' id='word_1_26' title='bbox 741 561 815 611; x_wconf 88' lang='lat' dir='ltr'>non</span> <span class='ocrx_word' id='word_1_27' title='bbox 830 533 916 609; x_wconf 84' lang='lat' dir='ltr'>verb</span> <span class='ocrx_word' id='word_1_28' title='bbox 928 534 975 611; x_wconf 84' lang='lat' dir='ltr'>ad</span> <span class='ocrx_word' id='word_1_29' title='bbox 993 559 1191 609; x_wconf 77' lang='lat' dir='ltr'><strong>excessum.</strong></span> <span class='ocrx_word' id='word_1_30' title='bbox 1206 535 1260 608; x_wconf 79' lang='lat' dir='ltr'>Itb</span> 
     </span>
     <span class='ocr_line' id='line_1_5' title="bbox 167 633 1262 730; baseline -0.004 -19"><span class='ocrx_word' id='word_1_31' title='bbox 167 636 282 711; x_wconf 83' lang='lat' dir='ltr'>Salm.</span> <span class='ocrx_word' id='word_1_32' title='bbox 302 635 348 707; x_wconf 87' lang='lat' dir='ltr'>de</span> <span class='ocrx_word' id='word_1_33' title='bbox 364 636 459 709; x_wconf 86' lang='lat' dir='ltr'>Rest.</span> <span class='ocrx_word' id='word_1_34' title='bbox 476 661 507 708; x_wconf 89' lang='lat' dir='ltr'>c.</span> <span class='ocrx_word' id='word_1_35' title='bbox 537 663 549 709; x_wconf 97' lang='lat' dir='ltr'>i</span> <span class='ocrx_word' id='word_1_36' title='bbox 577 661 614 708; x_wconf 87' lang='grc' dir='ltr'>ιι.</span> <span class='ocrx_word' id='word_1_37' title='bbox 637 636 716 730; x_wconf 78' lang='lat'>167.</span> <span class='ocrx_word' id='word_1_38' title='bbox 731 660 815 710; x_wconf 86' lang='lat' dir='ltr'>cuin</span> <span class='ocrx_word' id='word_1_39' title='bbox 831 635 916 707; x_wconf 86' lang='lat' dir='ltr'>Soto</span> <span class='ocrx_word' id='word_1_40' title='bbox 937 688 945 716; x_wconf 85' lang='grc'><em>,</em></span> <span class='ocrx_word' id='word_1_41' title='bbox 972 636 1091 707; x_wconf 88' lang='lat' dir='ltr'>Banu.</span> <span class='ocrx_word' id='word_1_42' title='bbox 1114 633 1262 718; x_wconf 83' lang='lat' dir='ltr'>Prado.</span> 
     </span>
     <span class='ocr_line' id='line_1_6' title="bbox 171 731 1259 829; baseline -0.002 -22"><span class='ocrx_word' id='word_1_43' title='bbox 171 734 394 824; x_wconf 85' lang='lat' dir='ltr'>Serra,item</span> <span class='ocrx_word' id='word_1_44' title='bbox 416 735 520 809; x_wconf 79' lang='lat' dir='ltr'>suar.</span> <span class='ocrx_word' id='word_1_45' title='bbox 535 732 625 807; x_wconf 88' lang='lat' dir='ltr'>Led.</span> <span class='ocrx_word' id='word_1_46' title='bbox 640 732 761 809; x_wconf 84' lang='lat' dir='ltr'>Palae.</span> <span class='ocrx_word' id='word_1_47' title='bbox 778 731 901 806; x_wconf 88' lang='lat' dir='ltr'>Salon.</span> <span class='ocrx_word' id='word_1_48' title='bbox 919 733 1088 822; x_wconf 85' lang='lat' dir='ltr'>Manuel,</span> <span class='ocrx_word' id='word_1_49' title='bbox 1107 748 1142 806; x_wconf 87' lang='lat' dir='ltr'>et</span> <span class='ocrx_word' id='word_1_50' title='bbox 1153 736 1259 829; x_wconf 81' lang='lat' dir='ltr'>Arag.</span> 
     </span>
     <span class='ocr_line' id='line_1_7' title="bbox 176 828 1262 931; baseline 0.001 -27"><span class='ocrx_word' id='word_1_51' title='bbox 176 858 233 931; x_wconf 87' lang='lat' dir='ltr'>ap.</span> <span class='ocrx_word' id='word_1_52' title='bbox 249 832 381 915; x_wconf 83' lang='lat' dir='ltr'>Sanoli.</span> <span class='ocrx_word' id='word_1_53' title='bbox 398 830 423 904; x_wconf 90' lang='lat' dir='ltr'>l.</span> <span class='ocrx_word' id='word_1_54' title='bbox 439 859 473 905; x_wconf 91' lang='lat' dir='ltr'>c.</span> <span class='ocrx_word' id='word_1_55' title='bbox 489 834 528 904; x_wconf 90' lang='lat' dir='ltr'>iii</span> <span class='ocrx_word' id='word_1_56' title='bbox 538 831 626 904; x_wconf 88' lang='lat' dir='ltr'>Dec.</span> <span class='ocrx_word' id='word_1_57' title='bbox 641 830 677 904; x_wconf 90' lang='lat' dir='ltr'>d.</span> <span class='ocrx_word' id='word_1_58' title='bbox 699 858 737 906; x_wconf 90' lang='grc' dir='ltr'>ιι,</span> <span class='ocrx_word' id='word_1_59' title='bbox 754 855 810 930; x_wconf 82' lang='lat'>27.</span> <span class='ocrx_word' id='word_1_60' title='bbox 833 833 895 929; x_wconf 85' lang='lat' dir='ltr'>qui</span> <span class='ocrx_word' id='word_1_61' title='bbox 912 830 1016 930; x_wconf 76' lang='lat' dir='ltr'>aequb</span> <span class='ocrx_word' id='word_1_62' title='bbox 1031 828 1262 931; x_wconf 81' lang='lat' dir='ltr'>probabilem</span> 
     </span>
     <span class='ocr_line' id='line_1_8' title="bbox 169 926 1263 1031; baseline 0.006 -34"><span class='ocrx_word' id='word_1_63' title='bbox 169 945 303 1030; x_wconf 79' lang='lat' dir='ltr'>putat,</span> <span class='ocrx_word' id='word_1_64' title='bbox 321 945 356 1003; x_wconf 87' lang='lat' dir='ltr'>ct</span> <span class='ocrx_word' id='word_1_65' title='bbox 370 931 479 1005; x_wconf 85' lang='lat' dir='ltr'>Cioiii</span> <span class='ocrx_word' id='word_1_66' title='bbox 493 928 558 1005; x_wconf 86' lang='lat' dir='ltr'>lib.</span> <span class='ocrx_word' id='word_1_67' title='bbox 572 926 608 1002; x_wconf 81' lang='lat'>3.</span> <span class='ocrx_word' id='word_1_68' title='bbox 624 955 703 1031; x_wconf 81' lang='lat' dir='ltr'>pag.</span> <span class='ocrx_word' id='word_1_69' title='bbox 724 957 736 1003; x_wconf 95' lang='lat' dir='ltr'>i</span> <span class='ocrx_word' id='word_1_70' title='bbox 754 957 793 1005; x_wconf 86' lang='grc' dir='ltr'>ιι.</span> <span class='ocrx_word' id='word_1_71' title='bbox 810 931 895 1029; x_wconf 71' lang='grc' dir='ltr'><strong>3ι9ι</strong></span> <span class='ocrx_word' id='word_1_72' title='bbox 913 931 1020 1005; x_wconf 76' lang='lat' dir='ltr'>etibm</span> <span class='ocrx_word' id='word_1_73' title='bbox 1033 928 1263 1028; x_wconf 87' lang='lat' dir='ltr'>probabilem</span> 
     </span>
     <span class='ocr_line' id='line_1_9' title="bbox 172 1026 1264 1128; baseline -0.002 -25"><span class='ocrx_word' id='word_1_74' title='bbox 172 1043 308 1103; x_wconf 86' lang='lat' dir='ltr'>censet.</span> <span class='ocrx_word' id='word_1_75' title='bbox 335 1029 439 1103; x_wconf 82' lang='lat' dir='ltr'>Ratio</span> <span class='ocrx_word' id='word_1_76' title='bbox 464 1054 531 1102; x_wconf 89' lang='lat' dir='ltr'>eui</span> <span class='ocrx_word' id='word_1_77' title='bbox 554 1026 690 1125; x_wconf 81' lang='lat' dir='ltr'>obliget</span> <span class='ocrx_word' id='word_1_78' title='bbox 714 1026 762 1100; x_wconf 88' lang='lat' dir='ltr'>ad</span> <span class='ocrx_word' id='word_1_79' title='bbox 788 1042 956 1126; x_wconf 86' lang='lat' dir='ltr'>partem,</span> <span class='ocrx_word' id='word_1_80' title='bbox 980 1028 1069 1126; x_wconf 57' lang='lat' dir='ltr'>‘quia</span> <span class='ocrx_word' id='word_1_81' title='bbox 1089 1028 1178 1101; x_wconf 88' lang='lat' dir='ltr'>utile</span> <span class='ocrx_word' id='word_1_82' title='bbox 1196 1054 1264 1128; x_wconf 92' lang='lat' dir='ltr'>per</span> 
     </span>
     <span class='ocr_line' id='line_1_10' title="bbox 172 1123 1263 1225; baseline 0 -26"><span class='ocrx_word' id='word_1_83' title='bbox 172 1126 304 1201; x_wconf 87' lang='lat' dir='ltr'>inutile</span> <span class='ocrx_word' id='word_1_84' title='bbox 324 1153 399 1199; x_wconf 92' lang='lat' dir='ltr'>non</span> <span class='ocrx_word' id='word_1_85' title='bbox 418 1127 587 1217; x_wconf 61' lang='lat' dir='ltr'>vitiatum</span> <span class='ocrx_word' id='word_1_86' title='bbox 608 1142 644 1200; x_wconf 89' lang='lat' dir='ltr'>et</span> <span class='ocrx_word' id='word_1_87' title='bbox 662 1125 714 1201; x_wconf 88' lang='lat' dir='ltr'>sic</span> <span class='ocrx_word' id='word_1_88' title='bbox 731 1123 973 1225; x_wconf 82' lang='lat' dir='ltr'>respondetur</span> <span class='ocrx_word' id='word_1_89' title='bbox 989 1125 1160 1201; x_wconf 82' lang='lat' dir='ltr'>secundae</span> <span class='ocrx_word' id='word_1_90' title='bbox 1176 1152 1263 1199; x_wconf 88' lang='lat' dir='ltr'>seii·</span> 
     </span>
     <span class='ocr_line' id='line_1_11' title="bbox 173 1222 1263 1324; baseline 0.001 -27"><span class='ocrx_word' id='word_1_91' title='bbox 173 1229 295 1299; x_wconf 83' lang='lat' dir='ltr'>tentiae</span> <span class='ocrx_word' id='word_1_92' title='bbox 313 1224 444 1300; x_wconf 71' lang='lat' dir='ltr'>Tamb,</span> <span class='ocrx_word' id='word_1_93' title='bbox 466 1227 570 1303; x_wconf 81' lang='lat' dir='ltr'>Ratio</span> <span class='ocrx_word' id='word_1_94' title='bbox 588 1239 727 1314; x_wconf 83' lang='lat' dir='ltr'>autem,</span> <span class='ocrx_word' id='word_1_95' title='bbox 747 1252 815 1299; x_wconf 91' lang='lat' dir='ltr'>cur</span> <span class='ocrx_word' id='word_1_96' title='bbox 832 1250 906 1297; x_wconf 91' lang='lat' dir='ltr'>non</span> <span class='ocrx_word' id='word_1_97' title='bbox 917 1222 1058 1322; x_wconf 85' lang='lat' dir='ltr'>obliget</span> <span class='ocrx_word' id='word_1_98' title='bbox 1072 1225 1263 1324; x_wconf 85' lang='lat' dir='ltr'>promissio</span> 
     </span>
     <span class='ocr_line' id='line_1_12' title="bbox 172 1321 1267 1424; baseline -0.001 -27"><span class='ocrx_word' id='word_1_99' title='bbox 172 1322 438 1408; x_wconf 66' lang='lat' dir='ltr'>:descessum</span> <span class='ocrx_word' id='word_1_100' title='bbox 455 1338 529 1409; x_wconf 82' lang='lat' dir='ltr'>est,</span> <span class='ocrx_word' id='word_1_101' title='bbox 547 1323 633 1421; x_wconf 88' lang='lat' dir='ltr'>quia</span> <span class='ocrx_word' id='word_1_102' title='bbox 651 1322 786 1397; x_wconf 83' lang='lat' dir='ltr'>malitia</span> <span class='ocrx_word' id='word_1_103' title='bbox 802 1321 1065 1424; x_wconf 74' lang='lat' dir='ltr'>prodigalitatis</span> <span class='ocrx_word' id='word_1_104' title='bbox 1082 1324 1267 1421; x_wconf 87' lang='lat' dir='ltr'>principa·</span> 
     </span>
     <span class='ocr_line' id='line_1_13' title="bbox 174 1417 1267 1522; baseline 0 -27"><span class='ocrx_word' id='word_1_105' title='bbox 174 1421 264 1495; x_wconf 85' lang='lat' dir='ltr'>liter</span> <span class='ocrx_word' id='word_1_106' title='bbox 277 1423 443 1495; x_wconf 75' lang='lat' dir='ltr'>consistit</span> <span class='ocrx_word' id='word_1_107' title='bbox 460 1424 499 1495; x_wconf 90' lang='lat' dir='ltr'>in</span> <span class='ocrx_word' id='word_1_108' title='bbox 511 1424 741 1519; x_wconf 81' lang='lat' dir='ltr'>praestatioiie</span> <span class='ocrx_word' id='word_1_109' title='bbox 755 1476 765 1511; x_wconf 81' lang='lat'>,</span> <span class='ocrx_word' id='word_1_110' title='bbox 781 1420 902 1495; x_wconf 78' lang='lat' dir='ltr'>minias</span> <span class='ocrx_word' id='word_1_111' title='bbox 917 1417 999 1495; x_wconf 84' lang='lat' dir='ltr'>verb</span> <span class='ocrx_word' id='word_1_112' title='bbox 1015 1421 1267 1522; x_wconf 85' lang='lat' dir='ltr'>principaliter</span> 
     </span>
     <span class='ocr_line' id='line_1_14' title="bbox 174 1516 1290 1619; baseline 0 -26"><span class='ocrx_word' id='word_1_113' title='bbox 174 1519 214 1593; x_wconf 90' lang='lat' dir='ltr'>in</span> <span class='ocrx_word' id='word_1_114' title='bbox 231 1521 490 1618; x_wconf 86' lang='lat' dir='ltr'>promissionc;</span> <span class='ocrx_word' id='word_1_115' title='bbox 510 1516 594 1592; x_wconf 85' lang='lat' dir='ltr'>ideb</span> <span class='ocrx_word' id='word_1_116' title='bbox 614 1523 713 1593; x_wconf 86' lang='lat' dir='ltr'>enim</span> <span class='ocrx_word' id='word_1_117' title='bbox 738 1545 813 1592; x_wconf 89' lang='lat' dir='ltr'>non</span> <span class='ocrx_word' id='word_1_118' title='bbox 834 1519 921 1593; x_wconf 88' lang='lat' dir='ltr'>licet</span> <span class='ocrx_word' id='word_1_119' title='bbox 943 1518 1096 1618; x_wconf 67' lang='lat' dir='ltr'>prodigi</span> <span class='ocrx_word' id='word_1_120' title='bbox 1114 1521 1290 1619; x_wconf 65' lang='lat' dir='ltr'>promit.</span> 
     </span>
     <span class='ocr_line' id='line_1_15' title="bbox 176 1614 1267 1719; baseline -0.001 -28"><span class='ocrx_word' id='word_1_121' title='bbox 176 1631 276 1707; x_wconf 80' lang='lat' dir='ltr'>tere,</span> <span class='ocrx_word' id='word_1_122' title='bbox 303 1619 388 1718; x_wconf 89' lang='lat' dir='ltr'>quia</span> <span class='ocrx_word' id='word_1_123' title='bbox 418 1614 592 1719; x_wconf 77' lang='lat' dir='ltr'>illicitum</span> <span class='ocrx_word' id='word_1_124' title='bbox 619 1631 676 1691; x_wconf 90' lang='lat' dir='ltr'>est</span> <span class='ocrx_word' id='word_1_125' title='bbox 704 1616 857 1716; x_wconf 74' lang='lat' dir='ltr'>prodige</span> <span class='ocrx_word' id='word_1_126' title='bbox 884 1618 983 1691; x_wconf 86' lang='lat' dir='ltr'>dare.</span> <span class='ocrx_word' id='word_1_127' title='bbox 1008 1617 1267 1714; x_wconf 83' lang='lat' dir='ltr'>Positoigitbr</span> 
     </span>
     <span class='ocr_line' id='line_1_16' title="bbox 182 1712 1267 1816; baseline 0.001 -29"><span class='ocrx_word' id='word_1_128' title='bbox 182 1715 283 1816; x_wconf 86' lang='lat' dir='ltr'>quod</span> <span class='ocrx_word' id='word_1_129' title='bbox 297 1733 398 1789; x_wconf 87' lang='lat' dir='ltr'>actus</span> <span class='ocrx_word' id='word_1_130' title='bbox 417 1713 578 1814; x_wconf 80' lang='lat' dir='ltr'>prodigae</span> <span class='ocrx_word' id='word_1_131' title='bbox 596 1717 835 1813; x_wconf 77' lang='lat' dir='ltr'>praestationis</span> <span class='ocrx_word' id='word_1_132' title='bbox 849 1717 895 1789; x_wconf 84' lang='lat' dir='ltr'>sit</span> <span class='ocrx_word' id='word_1_133' title='bbox 913 1712 977 1814; x_wconf 77' lang='lat' dir='ltr'>p&#39;er</span> <span class='ocrx_word' id='word_1_134' title='bbox 995 1741 1033 1789; x_wconf 89' lang='lat' dir='ltr'>se</span> <span class='ocrx_word' id='word_1_135' title='bbox 1050 1715 1267 1816; x_wconf 87' lang='lat' dir='ltr'>principali-</span> 
     </span>
     <span class='ocr_line' id='line_1_17' title="bbox 178 1812 1269 1928; baseline -0.002 -38"><span class='ocrx_word' id='word_1_136' title='bbox 178 1829 237 1890; x_wconf 83' lang='lat' dir='ltr'>ter</span> <span class='ocrx_word' id='word_1_137' title='bbox 255 1813 395 1903; x_wconf 87' lang='lat' dir='ltr'>malus,</span> <span class='ocrx_word' id='word_1_138' title='bbox 410 1815 563 1907; x_wconf 69' lang='lat' dir='ltr'>minimis</span> <span class='ocrx_word' id='word_1_139' title='bbox 578 1841 754 1914; x_wconf 89' lang='lat' dir='ltr'>uinquam</span> <span class='ocrx_word' id='word_1_140' title='bbox 774 1814 907 1913; x_wconf 88' lang='lat' dir='ltr'>poterit</span> <span class='ocrx_word' id='word_1_141' title='bbox 926 1813 1003 1912; x_wconf 91' lang='lat' dir='ltr'>ipse</span> <span class='ocrx_word' id='word_1_142' title='bbox 1024 1812 1170 1928; x_wconf 90' lang='lat' dir='ltr'>impleri</span> <span class='ocrx_word' id='word_1_143' title='bbox 1188 1814 1269 1888; x_wconf 77' lang='lat' dir='ltr'>sine</span> 
     </span>
     <span class='ocr_line' id='line_1_18' title="bbox 177 1911 1269 2026; baseline -0.002 -40"><span class='ocrx_word' id='word_1_144' title='bbox 177 1928 361 2013; x_wconf 83' lang='lat' dir='ltr'>pcccato;</span> <span class='ocrx_word' id='word_1_145' title='bbox 385 1916 503 2026; x_wconf 78' lang='lat' dir='ltr'>neque</span> <span class='ocrx_word' id='word_1_146' title='bbox 522 1916 687 1985; x_wconf 85' lang='lat' dir='ltr'>executio</span> <span class='ocrx_word' id='word_1_147' title='bbox 707 1913 841 2012; x_wconf 81' lang='lat' dir='ltr'>poterit</span> <span class='ocrx_word' id='word_1_148' title='bbox 858 1912 1087 1985; x_wconf 77' lang='lat' dir='ltr'>cohonestari</span> <span class='ocrx_word' id='word_1_149' title='bbox 1107 1911 1153 1984; x_wconf 84' lang='lat' dir='ltr'>ab</span> <span class='ocrx_word' id='word_1_150' title='bbox 1173 1911 1269 1986; x_wconf 89' lang='lat' dir='ltr'>obli·</span> 
     </span>
     <span class='ocr_line' id='line_1_19' title="bbox 178 2009 1268 2111; baseline 0.001 -28"><span class='ocrx_word' id='word_1_151' title='bbox 178 2012 324 2110; x_wconf 79' lang='lat' dir='ltr'>gatione</span> <span class='ocrx_word' id='word_1_152' title='bbox 338 2012 589 2110; x_wconf 81' lang='lat' dir='ltr'>promissionis</span> <span class='ocrx_word' id='word_1_153' title='bbox 606 2009 731 2101; x_wconf 85' lang='lat' dir='ltr'>laetae,</span> <span class='ocrx_word' id='word_1_154' title='bbox 752 2011 837 2111; x_wconf 88' lang='lat' dir='ltr'>quia</span> <span class='ocrx_word' id='word_1_155' title='bbox 855 2036 963 2084; x_wconf 87' lang='lat' dir='ltr'>nenio</span> <span class='ocrx_word' id='word_1_156' title='bbox 980 2036 1018 2083; x_wconf 89' lang='lat' dir='ltr'>se</span> <span class='ocrx_word' id='word_1_157' title='bbox 1032 2024 1151 2109; x_wconf 87' lang='lat' dir='ltr'>potest</span> <span class='ocrx_word' id='word_1_158' title='bbox 1169 2009 1268 2084; x_wconf 90' lang='lat' dir='ltr'>obli-</span> 
     </span>
    </p>
   </div>
   <div class='ocr_carea' id='block_1_3' title="bbox 177 2107 1394 2223">
    <p class='ocr_par' dir='ltr' id='par_1_4' title="bbox 177 2107 1394 2223">
     <span class='ocr_line' id='line_1_20' title="bbox 177 2107 1394 2223; baseline 0.002 -42"><span class='ocrx_word' id='word_1_159' title='bbox 177 2135 263 2208; x_wconf 81' lang='lat' dir='ltr'>gare</span> <span class='ocrx_word' id='word_1_160' title='bbox 291 2108 437 2182; x_wconf 87' lang='lat' dir='ltr'>adrem</span> <span class='ocrx_word' id='word_1_161' title='bbox 462 2108 628 2195; x_wconf 85' lang='lat' dir='ltr'>illicitam</span> <span class='ocrx_word' id='word_1_162' title='bbox 658 2108 940 2223; x_wconf 78' lang='lat' dir='ltr'>exequendum,</span> <span class='ocrx_word' id='word_1_163' title='bbox 976 2123 1016 2183; x_wconf 89' lang='lat' dir='ltr'>ut</span> <span class='ocrx_word' id='word_1_164' title='bbox 1043 2107 1200 2183; x_wconf 87' lang='lat' dir='ltr'>habetur</span> <span class='ocrx_word' id='word_1_165' title='bbox 1224 2136 1269 2184; x_wconf 86' lang='lat' dir='ltr'>eii</span> <span class='ocrx_word' id='word_1_166' title='bbox 1393 2128 1394 2135; x_wconf 77' lang='grc'>’</span> 
     </span>
    </p>
   </div>
   <div class='ocr_carea' id='block_1_4' title="bbox 178 2205 1269 2321">
    <p class='ocr_par' dir='ltr' id='par_1_5' title="bbox 178 2205 1269 2321">
     <span class='ocr_line' id='line_1_21' title="bbox 178 2205 1269 2321; baseline -0.001 -40"><span class='ocrx_word' id='word_1_167' title='bbox 178 2233 254 2306; x_wconf 81' lang='lat' dir='ltr'>reg.</span> <span class='ocrx_word' id='word_1_168' title='bbox 272 2208 366 2321; x_wconf 68' lang='lat' dir='ltr'>juris¹</span> <span class='ocrx_word' id='word_1_169' title='bbox 377 2208 438 2305; x_wconf 83' lang='lat'>69</span> <span class='ocrx_word' id='word_1_170' title='bbox 458 2206 495 2291; x_wconf 86' lang='lat' dir='ltr'>in</span> <span class='ocrx_word' id='word_1_171' title='bbox 512 2205 615 2281; x_wconf 87' lang='lat' dir='ltr'>6ulii</span> <span class='ocrx_word' id='word_1_172' title='bbox 641 2233 651 2280; x_wconf 83' lang='grc' dir='ltr'>ι</span> <span class='ocrx_word' id='word_1_173' title='bbox 674 2207 719 2281; x_wconf 83' lang='lat' dir='ltr'>In</span> <span class='ocrx_word' id='word_1_174' title='bbox 742 2210 846 2281; x_wconf 83' lang='lat' dir='ltr'>malis</span> <span class='ocrx_word' id='word_1_175' title='bbox 863 2207 1050 2305; x_wconf 70' lang='lat' dir='ltr'>promissis</span> <span class='ocrx_word' id='word_1_176' title='bbox 1062 2207 1180 2303; x_wconf 74' lang='lat' dir='ltr'>fidem</span> <span class='ocrx_word' id='word_1_177' title='bbox 1195 2229 1269 2281; x_wconf 81' lang='lat' dir='ltr'>noir</span> 
     </span>
    </p>
   </div>
   <div class='ocr_carea' id='block_1_5' title="bbox 179 2304 1270 2479">
    <p class='ocr_par' dir='ltr' id='par_1_6' title="bbox 179 2304 1270 2479">
     <span class='ocr_line' id='line_1_22' title="bbox 179 2304 1270 2479; baseline 0.003 -102"><span class='ocrx_word' id='word_1_178' title='bbox 179 2304 484 2419; x_wconf 58' lang='lat' dir='ltr'>sarpiduseroarr‘.</span> <span class='ocrx_word' id='word_1_179' title='bbox 509 2306 558 2380; x_wconf 90' lang='lat' dir='ltr'>Et</span> <span class='ocrx_word' id='word_1_180' title='bbox 580 2321 847 2479; x_wconf 59' lang='lat' dir='ltr'>conseppucuter</span> <span class='ocrx_word' id='word_1_181' title='bbox 872 2331 954 2404; x_wconf 88' lang='lat' dir='ltr'>pars</span> <span class='ocrx_word' id='word_1_182' title='bbox 971 2321 1201 2420; x_wconf 78' lang='lat' dir='ltr'>acceptans,</span> <span class='ocrx_word' id='word_1_183' title='bbox 1226 2333 1270 2380; x_wconf 85' lang='lat' dir='ltr'>eii</span> 
     </span>
    </p>
   </div>
   <div class='ocr_carea' id='block_1_6' title="bbox 164 2402 1312 4075">
    <p class='ocr_par' dir='ltr' id='par_1_7' title="bbox 164 2402 1312 3582">
     <span class='ocr_line' id='line_1_23' title="bbox 180 2402 1312 2504; baseline -0.001 -28"><span class='ocrx_word' id='word_1_184' title='bbox 180 2402 422 2502; x_wconf 72' lang='lat' dir='ltr'>promissione</span> <span class='ocrx_word' id='word_1_185' title='bbox 441 2403 511 2504; x_wconf 90' lang='lat' dir='ltr'>ipsi</span> <span class='ocrx_word' id='word_1_186' title='bbox 531 2404 626 2479; x_wconf 84' lang='lat' dir='ltr'>facta</span> <span class='ocrx_word' id='word_1_187' title='bbox 639 2433 693 2477; x_wconf 91' lang='lat' dir='ltr'>nu</span> <span class='ocrx_word' id='word_1_188' title='bbox 726 2431 787 2481; x_wconf 89' lang='lat' dir='ltr'>um</span> <span class='ocrx_word' id='word_1_189' title='bbox 805 2416 923 2502; x_wconf 86' lang='lat' dir='ltr'>potest</span> <span class='ocrx_word' id='word_1_190' title='bbox 941 2407 999 2502; x_wconf 85' lang='lat' dir='ltr'>jus</span> <span class='ocrx_word' id='word_1_191' title='bbox 1017 2428 1204 2503; x_wconf 82' lang='lat' dir='ltr'>acquirere</span> <span class='ocrx_word' id='word_1_192' title='bbox 1223 2404 1271 2481; x_wconf 86' lang='lat' dir='ltr'>ad</span> <span class='ocrx_word' id='word_1_193' title='bbox 1308 2466 1312 2475; x_wconf 90' lang='grc'><em>,</em></span> 
     </span>
     <span class='ocr_line' id='line_1_24' title="bbox 182 2500 1273 2602; baseline 0.003 -27"><span class='ocrx_word' id='word_1_194' title='bbox 182 2500 246 2586; x_wconf 81' lang='grc' dir='ltr'><strong>ιιι,</strong></span> <span class='ocrx_word' id='word_1_195' title='bbox 264 2500 366 2601; x_wconf 90' lang='lat' dir='ltr'>quod</span> <span class='ocrx_word' id='word_1_196' title='bbox 383 2500 494 2585; x_wconf 79' lang='lat' dir='ltr'>altera</span> <span class='ocrx_word' id='word_1_197' title='bbox 514 2511 596 2601; x_wconf 83' lang='lat' dir='ltr'>pa&#39;is</span> <span class='ocrx_word' id='word_1_198' title='bbox 617 2503 746 2601; x_wconf 88' lang='lat' dir='ltr'>nequit</span> <span class='ocrx_word' id='word_1_199' title='bbox 758 2503 837 2576; x_wconf 88' lang='lat' dir='ltr'>sirie</span> <span class='ocrx_word' id='word_1_200' title='bbox 856 2516 1004 2602; x_wconf 88' lang='lat' dir='ltr'>peccato</span> <span class='ocrx_word' id='word_1_201' title='bbox 1022 2519 1202 2602; x_wconf 69' lang='lat' dir='ltr'>praestare.</span> <span class='ocrx_word' id='word_1_202' title='bbox 1222 2507 1273 2578; x_wconf 89' lang='lat' dir='ltr'>Et</span> 
     </span>
     <span class='ocr_line' id='line_1_25' title="bbox 183 2599 1272 2697; baseline 0.003 -25"><span class='ocrx_word' id='word_1_203' title='bbox 183 2600 236 2672; x_wconf 82' lang='lat' dir='ltr'>sic</span> <span class='ocrx_word' id='word_1_204' title='bbox 259 2600 502 2696; x_wconf 86' lang='lat' dir='ltr'>respondetur</span> <span class='ocrx_word' id='word_1_205' title='bbox 524 2599 571 2672; x_wconf 89' lang='lat' dir='ltr'>ad</span> <span class='ocrx_word' id='word_1_206' title='bbox 594 2603 771 2677; x_wconf 86' lang='lat' dir='ltr'>rationem</span> <span class='ocrx_word' id='word_1_207' title='bbox 800 2600 927 2697; x_wconf 81' lang='lat' dir='ltr'>primae</span> <span class='ocrx_word' id='word_1_208' title='bbox 953 2602 1153 2674; x_wconf 85' lang='lat' dir='ltr'>sententiae.</span> <span class='ocrx_word' id='word_1_209' title='bbox 1173 2601 1272 2676; x_wconf 87' lang='lat' dir='ltr'>Hine</span> 
     </span>
     <span class='ocr_line' id='line_1_26' title="bbox 185 2695 1270 2795; baseline 0.002 -26"><span class='ocrx_word' id='word_1_210' title='bbox 185 2696 348 2771; x_wconf 83' lang='lat' dir='ltr'>inserunt</span> <span class='ocrx_word' id='word_1_211' title='bbox 368 2695 396 2768; x_wconf 91' lang='grc' dir='ltr'>Ῑ.</span> <span class='ocrx_word' id='word_1_212' title='bbox 417 2699 490 2769; x_wconf 86' lang='lat' dir='ltr'>Sot.</span> <span class='ocrx_word' id='word_1_213' title='bbox 510 2697 556 2770; x_wconf 92' lang='lat' dir='ltr'>de</span> <span class='ocrx_word' id='word_1_214' title='bbox 576 2698 669 2772; x_wconf 83' lang='lat' dir='ltr'>Just.</span> <span class='ocrx_word' id='word_1_215' title='bbox 697 2698 723 2771; x_wconf 91' lang='lat' dir='ltr'>l.</span> <span class='ocrx_word' id='word_1_216' title='bbox 749 2698 770 2770; x_wconf 78' lang='lat'>3</span> <span class='ocrx_word' id='word_1_217' title='bbox 794 2723 923 2795; x_wconf 83' lang='lat' dir='ltr'>q.7a.</span> <span class='ocrx_word' id='word_1_218' title='bbox 955 2697 1051 2770; x_wconf 87' lang='lat' dir='ltr'>iad.</span> <span class='ocrx_word' id='word_1_219' title='bbox 1078 2725 1108 2770; x_wconf 76' lang='lat' dir='ltr'>a.</span> <span class='ocrx_word' id='word_1_220' title='bbox 1127 2715 1164 2772; x_wconf 91' lang='lat' dir='ltr'>et</span> <span class='ocrx_word' id='word_1_221' title='bbox 1179 2700 1270 2774; x_wconf 88' lang='lat' dir='ltr'>Led.</span> 
     </span>
     <span class='ocr_line' id='line_1_27' title="bbox 181 2793 1272 2897; baseline 0 -28"><span class='ocrx_word' id='word_1_222' title='bbox 181 2796 303 2869; x_wconf 84' lang='lat' dir='ltr'>Banu.</span> <span class='ocrx_word' id='word_1_223' title='bbox 318 2796 383 2873; x_wconf 82' lang='lat' dir='ltr'>Sa,</span> <span class='ocrx_word' id='word_1_224' title='bbox 403 2794 574 2869; x_wconf 82' lang='lat' dir='ltr'>Maobad.</span> <span class='ocrx_word' id='word_1_225' title='bbox 591 2795 712 2871; x_wconf 81' lang='lat' dir='ltr'>Palae.</span> <span class='ocrx_word' id='word_1_226' title='bbox 729 2802 780 2869; x_wconf 72' lang='lat' dir='ltr'>aci</span> <span class='ocrx_word' id='word_1_227' title='bbox 791 2793 948 2873; x_wconf 87' lang='lat' dir='ltr'>Manuel.</span> <span class='ocrx_word' id='word_1_228' title='bbox 968 2823 1024 2897; x_wconf 88' lang='lat' dir='ltr'>ap.</span> <span class='ocrx_word' id='word_1_229' title='bbox 1044 2797 1176 2870; x_wconf 87' lang='lat' dir='ltr'>Saucli.</span> <span class='ocrx_word' id='word_1_230' title='bbox 1198 2797 1224 2871; x_wconf 90' lang='lat' dir='ltr'>l.</span> <span class='ocrx_word' id='word_1_231' title='bbox 1240 2825 1272 2871; x_wconf 88' lang='lat' dir='ltr'>c.</span> 
     </span>
     <span class='ocr_line' id='line_1_28' title="bbox 184 2892 1276 2995; baseline 0.003 -30"><span class='ocrx_word' id='word_1_232' title='bbox 184 2892 231 2965; x_wconf 91' lang='lat' dir='ltr'>de</span> <span class='ocrx_word' id='word_1_233' title='bbox 246 2894 350 2967; x_wconf 82' lang='lat' dir='ltr'>Matr.</span> <span class='ocrx_word' id='word_1_234' title='bbox 361 2892 407 2966; x_wconf 89' lang='lat' dir='ltr'>D.</span> <span class='ocrx_word' id='word_1_235' title='bbox 427 2895 468 2985; x_wconf 69' lang='grc' dir='ltr'>ιιι</span> <span class='ocrx_word' id='word_1_236' title='bbox 486 2920 520 2965; x_wconf 90' lang='lat' dir='ltr'>n.</span> <span class='ocrx_word' id='word_1_237' title='bbox 545 2895 703 2992; x_wconf 90' lang='lat' dir='ltr'>i.quod‚</span> <span class='ocrx_word' id='word_1_238' title='bbox 723 2896 753 2967; x_wconf 87' lang='lat' dir='ltr'>si</span> <span class='ocrx_word' id='word_1_239' title='bbox 767 2895 848 2992; x_wconf 90' lang='lat' dir='ltr'>quis</span> <span class='ocrx_word' id='word_1_240' title='bbox 866 2892 1017 2992; x_wconf 65' lang='lat' dir='ltr'>prodigii</span> <span class='ocrx_word' id='word_1_241' title='bbox 1036 2893 1179 2993; x_wconf 88' lang='lat' dir='ltr'>aliquid</span> <span class='ocrx_word' id='word_1_242' title='bbox 1195 2922 1276 2995; x_wconf 86' lang='lat' dir='ltr'>pro·</span> 
     </span>
     <span class='ocr_line' id='line_1_29' title="bbox 188 2989 1276 3091; baseline 0.003 -26"><span class='ocrx_word' id='word_1_243' title='bbox 188 2989 329 3071; x_wconf 83' lang='lat' dir='ltr'>miserit</span> <span class='ocrx_word' id='word_1_244' title='bbox 346 2990 529 3065; x_wconf 81' lang='lat' dir='ltr'>meretrici</span> <span class='ocrx_word' id='word_1_245' title='bbox 545 3017 614 3091; x_wconf 93' lang='lat' dir='ltr'>pro</span> <span class='ocrx_word' id='word_1_246' title='bbox 633 3006 697 3063; x_wconf 86' lang='lat' dir='ltr'>usu</span> <span class='ocrx_word' id='word_1_247' title='bbox 718 2992 901 3090; x_wconf 81' lang='lat' dir='ltr'>corporis,</span> <span class='ocrx_word' id='word_1_248' title='bbox 922 3018 995 3067; x_wconf 85' lang='lat' dir='ltr'>nori</span> <span class='ocrx_word' id='word_1_249' title='bbox 1013 3006 1179 3066; x_wconf 85' lang='lat' dir='ltr'>teneatur</span> <span class='ocrx_word' id='word_1_250' title='bbox 1199 2994 1276 3068; x_wconf 90' lang='lat' dir='ltr'>sol·</span> 
     </span>
     <span class='ocr_line' id='line_1_30' title="bbox 164 3091 1275 3190; baseline -0.001 -25"><span class='ocrx_word' id='word_1_251' title='bbox 164 3114 268 3167; x_wconf 70' lang='lat' dir='ltr'>rere</span> <span class='ocrx_word' id='word_1_252' title='bbox 294 3114 506 3180; x_wconf 63' lang='lat' dir='ltr'>excessum</span> <span class='ocrx_word' id='word_1_253' title='bbox 530 3091 645 3190; x_wconf 88' lang='lat' dir='ltr'>quia,</span> <span class='ocrx_word' id='word_1_254' title='bbox 676 3117 762 3166; x_wconf 88' lang='lat' dir='ltr'>cuni</span> <span class='ocrx_word' id='word_1_255' title='bbox 788 3092 835 3164; x_wconf 88' lang='lat' dir='ltr'>sit</span> <span class='ocrx_word' id='word_1_256' title='bbox 865 3092 1043 3188; x_wconf 87' lang='lat' dir='ltr'>promissa</span> <span class='ocrx_word' id='word_1_257' title='bbox 1069 3118 1124 3165; x_wconf 88' lang='lat' dir='ltr'>res</span> <span class='ocrx_word' id='word_1_258' title='bbox 1150 3091 1275 3166; x_wconf 87' lang='lat' dir='ltr'>illicita</span> 
     </span>
     <span class='ocr_line' id='line_1_31' title="bbox 188 3186 1279 3287; baseline 0.003 -26"><span class='ocrx_word' id='word_1_259' title='bbox 188 3187 330 3273; x_wconf 84' lang='lat' dir='ltr'>ratione</span> <span class='ocrx_word' id='word_1_260' title='bbox 383 3186 647 3285; x_wconf 83' lang='lat' dir='ltr'>rodigalitatis,</span> <span class='ocrx_word' id='word_1_261' title='bbox 673 3190 865 3287; x_wconf 87' lang='lat' dir='ltr'>promissio</span> <span class='ocrx_word' id='word_1_262' title='bbox 888 3189 989 3262; x_wconf 90' lang='lat' dir='ltr'>nulla</span> <span class='ocrx_word' id='word_1_263' title='bbox 1013 3204 1079 3262; x_wconf 85' lang='lat' dir='ltr'>est.</span> <span class='ocrx_word' id='word_1_264' title='bbox 1102 3190 1208 3264; x_wconf 76' lang='lat' dir='ltr'>Rectb</span> <span class='ocrx_word' id='word_1_265' title='bbox 1225 3195 1279 3283; x_wconf 56' lang='grc' dir='ltr'>ιιι-ν</span> 
     </span>
     <span class='ocr_line' id='line_1_32' title="bbox 189 3284 1276 3387; baseline 0.006 -29"><span class='ocrx_word' id='word_1_266' title='bbox 189 3284 316 3371; x_wconf 78' lang='lat' dir='ltr'>seruiit</span> <span class='ocrx_word' id='word_1_267' title='bbox 363 3284 495 3365; x_wconf 42' lang='lat' dir='ltr'>sSalm.</span> <span class='ocrx_word' id='word_1_268' title='bbox 512 3285 536 3358; x_wconf 92' lang='lat' dir='ltr'>l.</span> <span class='ocrx_word' id='word_1_269' title='bbox 553 3313 585 3363; x_wconf 91' lang='lat' dir='ltr'>c.</span> <span class='ocrx_word' id='word_1_270' title='bbox 604 3312 690 3360; x_wconf 90' lang='lat' dir='ltr'>cum</span> <span class='ocrx_word' id='word_1_271' title='bbox 704 3288 783 3361; x_wconf 90' lang='lat' dir='ltr'>aliis</span> <span class='ocrx_word' id='word_1_272' title='bbox 800 3292 820 3360; x_wconf 80' lang='lat' dir='ltr'>b</span> <span class='ocrx_word' id='word_1_273' title='bbox 839 3313 877 3359; x_wconf 86' lang='lat' dir='ltr'>se</span> <span class='ocrx_word' id='word_1_274' title='bbox 895 3289 1024 3379; x_wconf 87' lang='lat' dir='ltr'>citatis,</span> <span class='ocrx_word' id='word_1_275' title='bbox 1042 3289 1153 3387; x_wconf 84' lang='lat' dir='ltr'>quod,</span> <span class='ocrx_word' id='word_1_276' title='bbox 1168 3292 1198 3360; x_wconf 88' lang='lat' dir='ltr'>si</span> <span class='ocrx_word' id='word_1_277' title='bbox 1220 3316 1276 3364; x_wconf 81' lang='lat' dir='ltr'>res</span> 
     </span>
     <span class='ocr_line' id='line_1_33' title="bbox 189 3384 1276 3488; baseline 0.006 -33"><span class='ocrx_word' id='word_1_278' title='bbox 189 3385 369 3480; x_wconf 81' lang='lat' dir='ltr'>promissa</span> <span class='ocrx_word' id='word_1_279' title='bbox 382 3385 427 3455; x_wconf 88' lang='lat' dir='ltr'>sit</span> <span class='ocrx_word' id='word_1_280' title='bbox 440 3386 684 3484; x_wconf 85' lang='lat' dir='ltr'>impartibilis,</span> <span class='ocrx_word' id='word_1_281' title='bbox 701 3385 748 3458; x_wconf 89' lang='lat' dir='ltr'>ad</span> <span class='ocrx_word' id='word_1_282' title='bbox 760 3384 852 3457; x_wconf 87' lang='lat' dir='ltr'>nihil</span> <span class='ocrx_word' id='word_1_283' title='bbox 864 3401 1031 3469; x_wconf 85' lang='lat' dir='ltr'>teneatur</span> <span class='ocrx_word' id='word_1_284' title='bbox 1047 3394 1276 3488; x_wconf 87' lang='lat' dir='ltr'>promittens,</span> 
     </span>
     <span class='ocr_line' id='line_1_34' title="bbox 191 3481 1032 3582; baseline 0.006 -29"><span class='ocrx_word' id='word_1_285' title='bbox 191 3481 278 3582; x_wconf 86' lang='lat' dir='ltr'>quia</span> <span class='ocrx_word' id='word_1_286' title='bbox 296 3496 386 3562; x_wconf 87' lang='lat' dir='ltr'>tuuc</span> <span class='ocrx_word' id='word_1_287' title='bbox 404 3482 484 3556; x_wconf 73' lang='lat' dir='ltr'>verb</span> <span class='ocrx_word' id='word_1_288' title='bbox 503 3497 575 3561; x_wconf 86' lang='lat' dir='ltr'>tota</span> <span class='ocrx_word' id='word_1_289' title='bbox 589 3488 739 3558; x_wconf 86' lang='lat' dir='ltr'>materia</span> <span class='ocrx_word' id='word_1_290' title='bbox 755 3484 874 3557; x_wconf 87' lang='lat' dir='ltr'>evadit</span> <span class='ocrx_word' id='word_1_291' title='bbox 891 3483 1032 3558; x_wconf 89' lang='lat' dir='ltr'>illicita.</span> 
     </span>
    </p>

    <p class='ocr_par' dir='ltr' id='par_1_8' title="bbox 179 3578 1282 4075">
     <span class='ocr_line' id='line_1_35' title="bbox 179 3578 1279 3678; baseline 0.001 -21"><span class='ocrx_word' id='word_1_292' title='bbox 179 3658 185 3667; x_wconf 80' lang='grc'><strong><em>,</em></strong></span> <span class='ocrx_word' id='word_1_293' title='bbox 239 3580 347 3663; x_wconf 72' lang='lat' dir='ltr'>Juxta</span> <span class='ocrx_word' id='word_1_294' title='bbox 369 3578 463 3655; x_wconf 89' lang='lat' dir='ltr'>hanc</span> <span class='ocrx_word' id='word_1_295' title='bbox 484 3580 594 3678; x_wconf 82' lang='lat' dir='ltr'>igitiir</span> <span class='ocrx_word' id='word_1_296' title='bbox 614 3584 756 3663; x_wconf 82' lang='lat' dir='ltr'>tertiam</span> <span class='ocrx_word' id='word_1_297' title='bbox 773 3584 988 3657; x_wconf 84' lang='lat' dir='ltr'>sententiam</span> <span class='ocrx_word' id='word_1_298' title='bbox 1003 3640 1012 3671; x_wconf 82' lang='lat'>‚</span> <span class='ocrx_word' id='word_1_299' title='bbox 1028 3597 1070 3657; x_wconf 89' lang='lat' dir='ltr'>ut</span> <span class='ocrx_word' id='word_1_300' title='bbox 1088 3582 1133 3657; x_wconf 85' lang='lat' dir='ltr'>ad</span> <span class='ocrx_word' id='word_1_301' title='bbox 1154 3610 1279 3658; x_wconf 87' lang='lat' dir='ltr'>casum</span> 
     </span>
     <span class='ocr_line' id='line_1_36' title="bbox 192 3680 1281 3779; baseline -0.001 -24"><span class='ocrx_word' id='word_1_302' title='bbox 192 3694 359 3751; x_wconf 80' lang='lat' dir='ltr'>nostrum</span> <span class='ocrx_word' id='word_1_303' title='bbox 377 3680 562 3764; x_wconf 74' lang='lat' dir='ltr'>veniamus</span> <span class='ocrx_word' id='word_1_304' title='bbox 583 3735 592 3765; x_wconf 87' lang='lat'>‚</span> <span class='ocrx_word' id='word_1_305' title='bbox 620 3706 775 3778; x_wconf 80' lang='lat' dir='ltr'>sponsus</span> <span class='ocrx_word' id='word_1_306' title='bbox 796 3680 946 3779; x_wconf 71' lang='lat' dir='ltr'>prodigia</span> <span class='ocrx_word' id='word_1_307' title='bbox 968 3683 1181 3777; x_wconf 88' lang='lat' dir='ltr'>promittens</span> <span class='ocrx_word' id='word_1_308' title='bbox 1200 3686 1281 3757; x_wconf 83' lang='lat' dir='ltr'>Ma·</span> 
     </span>
     <span class='ocr_line' id='line_1_37' title="bbox 190 3777 1277 3878; baseline 0.005 -29"><span class='ocrx_word' id='word_1_309' title='bbox 190 3777 432 3859; x_wconf 66' lang='lat' dir='ltr'>simonium,</span> <span class='ocrx_word' id='word_1_310' title='bbox 459 3801 632 3855; x_wconf 84' lang='lat' dir='ltr'>comtes</span> <span class='ocrx_word' id='word_1_311' title='bbox 656 3780 702 3855; x_wconf 87' lang='lat' dir='ltr'>sit</span> <span class='ocrx_word' id='word_1_312' title='bbox 729 3779 987 3865; x_wconf 81' lang='lat' dir='ltr'>indivisibilis,</span> <span class='ocrx_word' id='word_1_313' title='bbox 1013 3795 1059 3858; x_wconf 80' lang='lat' dir='ltr'>,et</span> <span class='ocrx_word' id='word_1_314' title='bbox 1088 3781 1277 3878; x_wconf 87' lang='lat' dir='ltr'>promissio</span> 
     </span>
     <span class='ocr_line' id='line_1_38' title="bbox 193 3871 1281 3976; baseline 0.005 -29"><span class='ocrx_word' id='word_1_315' title='bbox 193 3887 270 3948; x_wconf 88' lang='lat' dir='ltr'>tota</span> <span class='ocrx_word' id='word_1_316' title='bbox 290 3902 356 3976; x_wconf 89' lang='lat' dir='ltr'>per</span> <span class='ocrx_word' id='word_1_317' title='bbox 383 3899 420 3957; x_wconf 86' lang='lat' dir='ltr'>se</span> <span class='ocrx_word' id='word_1_318' title='bbox 449 3871 575 3949; x_wconf 89' lang='lat' dir='ltr'>illicita</span> <span class='ocrx_word' id='word_1_319' title='bbox 601 3876 746 3967; x_wconf 83' lang='lat' dir='ltr'>evadat,</span> <span class='ocrx_word' id='word_1_320' title='bbox 774 3904 849 3950; x_wconf 91' lang='lat' dir='ltr'>iioii</span> <span class='ocrx_word' id='word_1_321' title='bbox 871 3875 1056 3949; x_wconf 85' lang='lat' dir='ltr'>tenebitur</span> <span class='ocrx_word' id='word_1_322' title='bbox 1083 3881 1210 3976; x_wconf 88' lang='lat' dir='ltr'>utique</span> <span class='ocrx_word' id='word_1_323' title='bbox 1234 3879 1281 3952; x_wconf 86' lang='lat' dir='ltr'>ad</span> 
     </span>
     <span class='ocr_line' id='line_1_39' title="bbox 191 3971 1282 4075; baseline 0.002 -26"><span class='ocrx_word' id='word_1_324' title='bbox 191 3973 308 4049; x_wconf 88' lang='lat' dir='ltr'>illam.</span> <span class='ocrx_word' id='word_1_325' title='bbox 321 3973 399 4057; x_wconf 86' lang='lat' dir='ltr'>Neo</span> <span class='ocrx_word' id='word_1_326' title='bbox 412 3971 548 4059; x_wconf 87' lang='lat' dir='ltr'>obstat,</span> <span class='ocrx_word' id='word_1_327' title='bbox 564 3973 668 4074; x_wconf 80' lang='lat' dir='ltr'>quod</span> <span class='ocrx_word' id='word_1_328' title='bbox 684 3976 794 4073; x_wconf 87' lang='lat' dir='ltr'>culpa</span> <span class='ocrx_word' id='word_1_329' title='bbox 810 3974 1075 4075; x_wconf 84' lang='lat' dir='ltr'>prodigalitatis</span> <span class='ocrx_word' id='word_1_330' title='bbox 1093 4003 1168 4049; x_wconf 90' lang='lat' dir='ltr'>non</span> <span class='ocrx_word' id='word_1_331' title='bbox 1181 4002 1282 4051; x_wconf 84' lang='lat' dir='ltr'>exce-</span> 
     </span>
    </p>
   </div>
   <div class='ocr_carea' id='block_1_7' title="bbox 189 4068 1283 4178">
    <p class='ocr_par' dir='ltr' id='par_1_9' title="bbox 189 4068 1283 4178">
     <span class='ocr_line' id='line_1_40' title="bbox 189 4068 1283 4178; baseline -0.005 -22"><span class='ocrx_word' id='word_1_332' title='bbox 189 4068 259 4156; x_wconf 57' lang='lat' dir='ltr'>dit</span> <span class='ocrx_word' id='word_1_333' title='bbox 284 4072 426 4159; x_wconf 79' lang='lat' dir='ltr'>reniale</span> <span class='ocrx_word' id='word_1_334' title='bbox 450 4086 676 4174; x_wconf 65' lang='lat' dir='ltr'>peccatum</span> <span class='ocrx_word' id='word_1_335' title='bbox 705 4075 790 4175; x_wconf 87' lang='lat' dir='ltr'>quia</span> <span class='ocrx_word' id='word_1_336' title='bbox 817 4074 1012 4175; x_wconf 82' lang='lat' dir='ltr'>promissio</span> <span class='ocrx_word' id='word_1_337' title='bbox 1028 4078 1089 4167; x_wconf 69' lang='lat' dir='ltr'>,rei</span> <span class='ocrx_word' id='word_1_338' title='bbox 1114 4076 1283 4178; x_wconf 87' lang='lat' dir='ltr'>qualiter·</span> 
     </span>
    </p>
   </div>
   <div class='ocr_carea' id='block_1_8' title="bbox 0 0 1492 4709">
    <p class='ocr_par' dir='ltr' id='par_1_10' title="bbox 0 0 1492 4709">
     <span class='ocr_line' id='line_1_41' title="bbox 0 0 1492 4709; baseline 0 0"><span class='ocrx_word' id='word_1_339' title='bbox 0 0 1492 4709; x_wconf 95' lang='lat' dir='ltr'> </span> 
     </span>
    </p>
   </div>
  </div>
 </body>
</html>
