2917 4709
284 235 327 306 80
403 200 477 305 bib.
495 232 664 307 Vlffract.
680 235 742 306 lv.
757 238 808 307 De
835 234 1040 306 Sacnmento
1052 230 1264 303 Punitantioe.

286 362 329 422 ut
356 347 524 422 subditus
551 375 593 423 ex
621 377 685 423 sua
711 349 904 450 iniquitate
928 346 1169 426 commodum
1196 356 1366 446 reportet.
1395 418 1402 427 ,

286 448 376 521 Haec
393 450 569 521 sententia
586 463 640 521 est
657 446 809 548 quidem
830 446 936 523 valde
954 443 1179 547 probabilis,
1197 442 1262 517 sed
1278 466 1367 516 cou-

286 548 397 617 traria
418 560 472 619 est
488 545 596 643 longe
615 549 860 634 communior,
878 572 947 620 nec
962 560 1062 620 caret
1080 546 1145 618 aut
1169 538 1366 640 probabili·

287 656 373 717 tate.
388 642 549 718 Secunda
562 644 673 743 igitbr
686 645 863 718 sententio
881 641 1056 733 affirmat,
1074 657 1110 714 et
1125 641 1226 713 hanc
1242 650 1366 711 tenent

289 767 416 814 omues
432 746 507 816 Aa.
529 744 626 815 allati
646 769 712 841 pro
726 742 886 817 secunda
903 742 1082 816 sententia
1102 742 1139 812 in
1165 737 1366 841 quaestione

287 840 713 1012 ssraecedeuti‚exceptia
739 840 857 915 citatis
887 843 924 914 in
953 841 1155 940 quaestione
1184 835 1366 952 presenti.

320 940 415 1024 atio,
437 940 522 1040 qnia
548 967 612 1040 pro
671 940 876 1013 onsessioue
902 938 1075 1036 sacrilega
1103 948 1220 1009 currit
1242 932 1369 1005 eadem

288 1036 382 1108 ratio
395 1062 436 1110 ac
455 1065 522 1136 pro
536 1037 725 1135 inculpate
741 1034 869 1129 nulla}
888 1037 981 1109 alius
995 1036 1094 1110 enim
1109 1047 1161 1105 est
1178 1032 1263 1105 finis
1276 1029 1370 1103 Con·

289 1132 479 1224 fessionis,
506 1137 599 1210 alius
626 1137 901 1210 reservationis:
923 1136 1007 1209 finis
1030 1130 1273 1206 confessionis
1292 1139 1367 1212 est,

288 1246 331 1304 ut
358 1235 561 1307 remittatur
581 1250 774 1335 peccatum
794 1290 804 1317 .
824 1234 907 1307 finis
928 1249 1048 1305 antem
1069 1225 1311 1330 principalis,
1335 1239 1371 1299 et

290 1329 449 1404 directus
475 1334 724 1406 reservationis
746 1345 823 1417 cst,
842 1348 883 1404 ut
904 1328 1119 1431 hujusmodi
1140 1324 1297 1426 peccata
1315 1348 1371 1396 re·

290 1444 426 1501 serrata
443 1433 710 1505 committentes
727 1430 972 1533 subjiciantur
991 1427 1129 1526 judicio
1145 1423 1369 1539 Superioris;
1446 1470 1447 1493 t

289 1523 376 1624 ergit
391 1551 478 1605 cum
499 1528 877 1630 subdituspeccatum
898 1553 1007 1601 suum
1025 1525 1215 1625 Superiori
1232 1518 1370 1606 defert,
1446 1520 1447 1537 ¹

291 1640 327 1696 et
350 1629 607 1724 poenitentiam
633 1626 679 1700 ab
710 1652 753 1699 eo
783 1630 832 1700 im
862 1628 991 1699 ositam
1016 1635 1208 1721 acceptat,
1233 1615 1370 1692 etilmsi

289 1721 466 1822 sacrilege
480 1727 712 1809 confiteatur,
727 1730 800 1824 jam
813 1652 999 1809 obtinetur,
1012 1723 1094 1796 finis
1107 1715 1371 1803 reservationis,

293 1826 459 1920 quemvis
476 1849 550 1896 non
569 1820 774 1899 remittatur
792 1836 996 1924 peccatum.
1016 1817 1127 1914 Quod
1147 1832 1272 1891 autem
1288 1838 1372 1915 pec·

291 1935 451 1993 catores
471 1923 536 1994 tali
555 1923 748 2023 iniquitate
764 1919 1003 1996 commodum
1019 1931 1202 2020 reportet.
1220 1914 1290 1987 hoc
1308 1936 1371 2011 per

288 2016 463 2091 aceldcus
480 2022 599 2092 evcnit
613 2047 622 2106 ;
638 2048 722 2093 nam
741 2019 828 2095 licet
839 2045 882 2094 ex
897 2019 1088 2094 voluntate
1102 2009 1372 2114 interpretativa

291 2114 409 2188 nollet
425 2116 566 2190 auferre
584 2118 865 2205 reservationem
882 2173 892 2203 ‚
915 2117 947 2191 si
959 2114 1190 2212 sacrilegium
1205 2132 1371 2209 agnosce·

289 2228 370 2304 ret;
392 2228 510 2286 tamen
523 2241 564 2289 cx
582 2214 768 2290 voluntate
781 2214 915 2290 actuali
936 2218 1010 2314 jam
1024 2212 1105 2296 rult
1118 2206 1278 2285 auferre.

341 2311 450 2387 Rectl
466 2312 550 2388 verb
563 2312 964 2412 excipiuntWigandt‚
979 2314 1148 2410 etLugo‚
1161 2333 1252 2383 cum
1268 2306 1372 2380 Suar.
1447 2376 1448 2399 p

293 2421 329 2487 et
346 2410 460 2510 Vasq.
483 2411 514 2484 si
533 2413 714 2512 poenitens
732 2410 966 2512 culpabiliter
981 2411 1131 2485 reticeat
1153 2407 1277 2507 ipsum
1338 2426 1373 2475 c·
1447 2412 1448 2505 ξ

294 2503 1281 2607 catumreserraturn3rclsilutaitLugo)illtsacrilegt
1318 2523 1376 2573 on·

162 2648 172 2667 =
293 2607 450 2683 sessione
465 2608 742 2710 inculpabiliter
758 2606 994 2684 obliviscatur
1004 2605 1170 2680 confiteri
1184 2613 1374 2719 pecomum

293 2718 529 2793 reservatum,
540 2709 625 2808 qnia
644 2707 797 2782 minimt
817 2708 1053 2809 praesumitur
1069 2705 1244 2799 Supertor
1261 2701 1298 2772 in
1314 2692 1373 2770 tali

294 2804 467 2903 sacrilega
477 2796 1248 2880 contessionerelleaulerrereaerrationam
1259 2818 1378 2898 pecco·

294 2904 323 2973 ti
342 2902 410 2975 sibi
426 2929 500 2975 non
518 2904 640 2978 delati.
657 2904 749 2979 Item
766 2905 899 3005 excipit
912 2906 1055 2992 suarez,
1068 2900 1099 2975 ai
1113 2899 1298 3000 poenitens
1313 2891 1375 2965 ba·

292 2997 672 3083 bucritauimumnou
683 3001 818 3078 vitandi
830 3003 869 3075 in
881 2998 1066 3103 posterlrm
1074 3012 1269 3115 peccatum
1282 2984 1374 3067 illud

296 3115 535 3183 reservatum,
548 3102 605 3175 rel
615 3126 690 3176 non
704 3099 884 3217 implendi
895 3100 1144 3199 poenitentiam
1154 3092 1372 3192 impositam

298 3194 387 3269 (licit
403 3195 490 3272 verb
501 3199 583 3272 tolli
602 3215 896 3289 reservationem,
912 3201 943 3271 si
961 3200 1124 3270 animum
1140 3206 1270 3269 mutet.
1283 3190 1371 3263 Item

299 3292 397 3369 recte
417 3296 522 3385 addit
536 3299 668 3372 Bonae.
693 3323 768 3371 sem
819 3293 971 3372 rostri
986 3293 1251 3396 poenitentem,
1268 3288 1373 3361 etiem

297 3401 494 3495 postqutm
516 3395 666 3469 inferior
684 3397 730 3469 ab
748 3397 811 3468 ilo
835 3408 984 3497 peccato
1011 3402 1190 3468 reservato
1215 3382 1376 3462 absolve·

298 3493 366 3577 rit,
380 3491 533 3595 implere
547 3494 799 3594 poeuitentirrn
816 3494 894 3569 oso
947 3494 1039 3565 riore
1050 3492 1102 3564 im
1131 3489 1269 3562 ositam.
1287 3482 1377 3556 Item

299 3591 514 3691 excipienda
530 3607 582 3665 est
595 3597 610 3683 (
624 3606 665 3665 ut
679 3590 837 3666 diximus
851 3618 888 3665 n.
930 3590 1003 3691 37.)
1020 3517 1208 3662 corliano
1224 3575 1378 3690 invalido

300 3689 375 3766 sire
394 3688 541 3790 culpate
558 3689 632 3764 sive
649 3690 752 3764 incul
782 3688 839 3766 ate
854 3688 947 3765 lacto
963 3689 1001 3762 in
1014 3686 1173 3762 Jubiloeo
1189 3708 1199 3774 ;
1215 3680 1298 3783 quia
1311 3676 1376 3756 ibt,

302 3815 389 3864 cum
400 3788 566 3862 Pontifex
583 3813 658 3861 non
676 3718 838 3887 proeleat
849 3786 1059 3861 facultatem
1071 3779 1283 3859 absolvendi
1298 3779 1315 3848 a
1328 3795 1379 3846 re·

156 3892 175 3919 ⁸
303 3888 463 3969 servatis,
478 3888 548 3961 nisi
560 3885 607 3961 ad
622 3888 743 3969 linem.
763 3902 804 3960 ut
820 3884 946 3961 fideles
962 3886 1154 3960 lucrentur
1167 3878 1377 3955 Jubiloeum·

304 4011 379 4059 uon
400 4001 569 4059 censetur
588 3982 683 4058 velle
706 3985 847 4059 auferre
869 3984 1172 4060 reservationem.
1196 3980 1227 4051 si
1247 3974 1299 4048 illi
1316 3970 1379 4045 Ju·

304 4081 458 4158 blloeum
472 4082 774 4185 pon-lucrantur3
789 4082 872 4163 ride
887 4084 986 4164 dicta
1001 4108 1040 4159 n.
1058 4078 1142 4179 537.
1154 4078 1227 4175 Qu.
1245 4074 1292 4157 11,
