2917 4709
217 233 260 302 92
323 213 396 282 Lib.
420 215 479 287 Vl·
498 216 608 284 Traet.
626 214 685 283 tv.
701 216 754 284 De
769 217 974 289 sacramento
989 218 1197 287 Paenitentia.

218 325 498 424 impertinenter
527 353 564 400 se
581 328 692 403 hahet
710 329 951 428 adjudicium
968 330 1213 413 confessarii,
1234 324 1308 399 nisi

217 423 280 496 hie
298 425 447 521 judicet,
461 426 675 527 opinionem
701 430 910 527 poenitentis
933 456 1010 502 esse
1032 429 1221 503 evidenter
1238 424 1311 498 sat·

218 548 308 595 eam.
329 530 409 617 Qua
428 525 473 598 de
492 551 529 599 re
576 524 672 603 obad
692 529 886 626 opiniones
911 526 994 601 ilias
1017 554 1098 628 qnae
1116 525 1312 599 versantur

219 622 315 694 circe
336 623 522 722 praesatarn
543 552 818 723 dispositionem
848 628 1089 725 poenitentis,
1116 625 1171 697 rei
1197 625 1305 696 etiam

219 722 314 793 circe
334 723 690 799 administrationem
715 726 967 809 sacramenti,
995 740 1081 825 puta
1101 725 1132 797 ai
1147 718 1305 797 Confes-

217 819 334 891 earius
350 819 549 918 indicetne
565 846 640 893 non
659 820 793 900 habere
807 822 1111 923 jurisdictionem,
1122 819 1304 922 poninus

219 916 329 989 dehet
348 933 441 993 stare
460 918 597 1020 indicio
617 920 915 1009 Confessarii,'et
930 922 1180 999 Confessarius
1197 933 1304 991 tene-

221 1030 282 1089 tur
296 1020 489 1116 proprium
510 1019 614 1119 sequi
637 1019 842 1115 judicium3
861 1034 949 1093 nam
971 1021 1059 1094 alias
1077 1014 1305 1095 absotvendo

218 1116 297 1185 eine
316 1113 438 1188 debita
464 1116 718 1215 jurisdictione
737 1176 746 1209 ‚
770 1118 828 1192 vel
851 1144 963 1218 qnem
986 1121 1063 1218 ipse
1084 1116 1226 1215 judicet
1242 1116 1305 1185 in·

219 1212 436 1311 dispositum
451 1272 461 1304 ,
480 1232 608 1312 peccat
620 1215 760 1316 agendo
774 1233 902 1290 eontra
919 1218 1103 1317 propriam
1117 1212 1309 1288 eonscien-

219 1312 317 1407 tiam:
335 1312 468 1403 Quoad
483 1316 566 1387 vero
578 1313 664 1388 alias
678 1316 890 1415 opiniones,
908 1340 987 1428 qnae
1001 1328 1189 1389 venantur
1205 1312 1322 1383 circii·

221 1407 484 1506 obligationem
501 1416 726 1513 poenitentis,
748 1412 882 1514 nempe
900 1418 994 1486 circe
1015 1441 1066 1502 ea,
1087 1434 1171 1512 quoe
1192 1415 1310 1507 apoe-

220 1511 360 1580 nitente
386 1510 523 1609 agenda
551 1528 614 1585 aot
637 1511 786 1587 vitanda
810 1528 923 1595 sunt.
947 1510 1200 1584 confessarius
1228 1532 1309 1579 non

221 1621 276 1681 est
295 1609 425 1707 judex,
445 1636 511 1681 nee
534 1625 651 1707 potest
666 1609 829 1709 obligare
850 1613 894 1683 ad
915 1610 1148 1709 sequendum
1165 1607 1311 1706 opinio·

220 1730 305 1776 nem
328 1733 432 1778 suam
458 1710 729 1806 poenitentem,
777 1712 813 1783 ni
833 1709 912 1782 vnn
931 1710 1033 1807 sequi
1058 1709 1275 1782 contrariam
1298 1757 1313 1797 ‚

221 1830 330 1902 qnam
349 1806 424 1906 ipse
443 1810 636 1905 potat'non
658 1812 736 1880 sine
750 1736 1000 1881 inuitamento
1021 1805 1119 1880 licite
1137 1830 1240 1906 posse
1258 1819 1313 1874 te-

222 1900 313 1986 nti-i,
331 1922 369 1976 nt
389 1932 410 1975 o
441 1905 526 1977 time
545 1905 693 1979 tradidit
706 1905 892 1980 Adrianus
907 1932 946 2006 q.
966 1907 999 1979 5.
1014 1904 1099 1980 Dub
1116 1928 1135 2004 7
1151 1903 1278 1975 dicens
1296 1928 1309 1971 a

222 2000 295 2070 Sit
308 1932 463 2098 prioridie
475 2002 558 2077 ΠΗ.
572 2005 781 2077 controrriim
795 2021 972 2094 teneatur,
987 2028 1059 2076 non
1073 2003 1175 2077 debet
1190 2001 1312 2072 Socer·

222 2099 290 2171 dos
307 2098 396 2170 odeo
415 2102 458 2173 de
473 2128 513 2172 se
526 2126 763 2201 presumere,
781 2118 820 2175 ut
833 2118 940 2173 totum
961 2102 1039 2172 relr't
1055 2102 1091 2172 in
1110 2127 1211 2172 suam
1228 2098 1312 2194 opi·

223 2196 365 2266 trionem
388 2202 404 2289 (
431 2225 506 2297 qno
514 2197 678 2294 forsitan
700 2226 849 2272 erroneo
875 2205 962 2295 est)
991 2217 1177 2272 coarctare.
1209 2196 1311 2270 Hine

253 2294 374 2366 nando
390 2320 431 2367 ex
450 2323 520 2370 una
539 2297 641 2392 parte
657 2300 837 2397 poenitens
854 2296 922 2372 sibi
941 2296 1111 2371 efformet
1125 2291 1311 2395 judicium

224 2321 271 2463 de
294 2393 483 2468 honestate
504 2396 860 2513 alicujns'aetionis¹
888 2413 923 2469 et
949 2396 1036 2469 alias
1058 2396 1312 2470 Confessariue

222 2516 298 2562 non
316 2491 426 2564 habet
440 2493 700 2568 certitudinem
716 2494 923 2573 evidentem
942 2498 987 2566 de
1009 2494 1109 2567 iilius
1127 2493 1280 2566 falsitate
1301 2547 1314 2583 ,

224 2604 370 2662 tenetur
393 2590 501 2664 iilum
526 2590 735 2684 absolvere,
761 2594 888 2695 utpote
907 2593 1131 2667 sufficienter
1155 2591 1315 2691 disposi-

226 2704 317 2760 tum.
338 2692 389 2762 Et
411 2708 501 2763 tune
520 2707 669 2791 potest,
689 2691 765 2766 imo
786 2708 929 2767 tenetur
949 2696 1160 2793 permittere
1180 2747 1191 2780 ,
1209 2686 1314 2789 qnod

226 2787 410 2886 poenitens
426 2816 531 2862 snam
544 2800 718 2891 sequatur
736 2793 946 2893 opinionem
965 2846 975 2882 ,
991 2794 1021 2863 si
1042 2791 1171 2890 nequit
1189 2786 1313 2860 abdu-

226 2912 308 2959 cere
326 2888 371 2959 ab
389 2912 471 2962 eam
484 2888 782 2991 sequendo,quia
799 2896 856 2984 (ut
868 2891 1042 2987 diximus)
1059 2888 1313 2963 Confessariua

226 3010 300 3057 nnn
319 3002 372 3057 eat
384 2991 714 3063 controversiarum
725 2989 867 3159 pudeam
885 2989 1071 3088 alioquin,
1090 2990 1169 3061 aiv.
1186 3013 1220 3085 g.
1238 3008 1322 3087 poe·

224 3086 344 3157 nitens
364 3101 458 3161 esset
483 3087 625 3162 doctior
643 3089 721 3163 Con
1198 3088 1206 3101 ’
1283 3085 1293 3100 ’

226 3187 401 3267 monem,
429 3210 541 3284 quam
565 3186 644 3283 ipse
670 3212 745 3259 non
766 3188 844 3260 eine
863 3186 1103 3258 fundamento
1126 3197 1317 3284 reputaret

226 3281 510 3379 probabiliorem
531 3341 539 3369 ‚
567 3286 755 3357 autetiam
778 3299 916 3357 certam
934 3341 943 3371 ,
964 3300 1090 3387 posset
1114 3280 1316 3357 Confessa-

225 3380 302 3451 rius
317 3381 498 3480 denegare
516 3381 572 3453 iili
585 3381 855 3456 absolutionem
870 3441 879 3472 ‚
894 3397 925 3457 si
940 3397 1081 3457 teneret
1097 3383 1313 3481 opinionem

226 3480 475 3567 contrariam,
505 3505 589 3580 quae
608 3496 703 3555 esset
719 3479 811 3555 sorte
835 3484 873 3553 in
902 3506 939 3556 ee
961 3505 1115 3554 erronea
1128 3481 1220 3565 ,aed
1239 3482 1313 3553 hoe

225 3576 332 3649 nullo
359 3577 471 3651 modo
496 3580 640 3653 videtin·
667 3604 775 3679 posse
805 3578 906 3671 dici,
937 3606 1022 3654 enm
1050 3579 1123 3651 dici
1152 3590 1314 3678 nequeat

227 3678 328 3775 quod
347 3702 389 3747 eo
415 3702 500 3749 casu
523 3681 708 3777 poenitens
732 3690 860 3778 peccet
882 3677 1072 3778 sequendo
1098 3678 1313 3777 opinionem

227 3801 355 3865 suanm
376 3794 411 3849 at
426 3778 543 3848 sinon
563 3794 712 3877 peceat,
729 3782 802 3875 jam
819 3793 873 3851 est
889 3777 1110 3879 dispositus,
1130 3792 1243 3877 utque
1260 3790 1316 3849 ta·

226 3872 272 3946 tis
290 3878 345 3973 jus
363 3872 475 3948 hahet
491 3876 538 3947 ad
554 3874 835 3949 absolutionem.

227 3988 233 4003 ·
277 3974 404 4057 Adde,
422 3964 542 4074 quod,
562 3976 591 4047 si
608 3974 858 4049 Confessarins
882 4000 958 4049 non
983 3987 1105 4072 posset
1126 3969 1317 4048 absolvero

228 4094 290 4145 eos
307 4135 318 4160 ,
337 4074 400 4172 qui
416 4072 542 4150 volunt
559 4075 663 4179 sequi
678 4074 893 4176 opinionem
912 4071 1033 4148 minin
1053 4068 1285 4174 prohabilem
1302 4126 1315 4163 ,
1343 4074 1349 4079 ’

741 3090 895 3173 essedo,
918 3104 955 3161 et
972 3086 1081 3161 vellet
1103 3112 1207 3186 sequi
1231 3110 1314 3182 opt·
1434 3126 1443 3131 -
