2917 4709
240 162 306 237 Mt
451 171 525 239 tib.
542 169 601 241 Vl.
619 172 728 241 Tract.
745 172 805 244 Vi·
823 175 873 244 De
887 173 1106 248 Matrimonia.

239 283 355 354 Aliter
370 281 478 356 Caua.
504 285 550 357 30
572 311 609 383 q.
637 287 659 358 5
683 286 747 359 ubi
773 285 952 365 dicuntur
974 282 1206 363 Matrimonia
1229 304 1325 365 con*-

238 393 354 452 tracta
375 383 453 453 sine
479 380 735 457 benedictione
753 386 1152 487 Sacerdotirpraeuumi
1176 389 1323 481 adulte-

238 480 289 550 ria
307 479 362 553 vel
380 480 636 554 fornicationes
656 482 800 580 potina,
821 491 932 585 quim
955 486 1115 583 legitima
1137 492 1324 588 conjugia,

113 662 115 667 ¹
238 578 309 651 Sed
326 578 420 652 bend
435 579 632 676 respondet
647 582 779 654 Beliar.
800 582 825 655 l.
844 609 877 656 c.
894 609 927 657 c.
949 585 996 667 8,
1023 582 1083 667 hio
1105 574 1208 685 loq'ru
1223 588 1323 660 Pon·

237 681 374 753 tificem
387 679 433 751 de
453 677 665 776 probatione
684 682 902 754 Matrimonii
925 677 1048 780 qudad
1065 683 1185 757 forum
1203 700 1322 759 exter·

236 804 328 850 num
348 832 358 864 ,
379 776 423 850 ed
443 776 544 875 quod
568 776 733 850 Ecclesia
753 779 791 851 iu
812 777 891 852 suro
911 794 1064 853 externo
1086 807 1161 854 non
1180 781 1321 879 judicet

238 876 397 973 legitima
418 875 586 973 conjugia
607 873 682 965 ilia,
700 893 782 976 qu're
800 903 875 951 non
894 878 1098 975 probantur
1111 906 1177 978 per
1196 882 1322 956 Sacer·

237 973 332 1047 dotis
362 974 636 1057 testimonium,
662 976 918 1086 [rraesumendo
942 991 1033 1051 tune
1057 977 1215 1052 delinisse
1236 1006 1320 1053 rnu-

236 1088 343 1147 tuum
368 1096 611 1161 consensum
635 1075 705 1145 nrsi
721 1074 736 1169 (
751 1088 790 1147 ut
805 1071 978 1147 subditur
990 1076 1028 1146 in
1046 1058 1175 1149 eirdem
1192 1080 1321 1173 textu)

235 1172 406 1244 voluntas
423 1173 570 1271 propria
588 1168 837 1271 suffragaverit
854 1195 863 1262 ;
879 1171 966 1268 ergd
982 1172 1047 1244 ubi
1064 1174 1166 1247 adest
1183 1176 1319 1250 voluu-

236 1286 291 1342 tas
314 1265 636 1369 contrahentium,
655 1267 859 1367 legitimum
881 1272 997 1343 initur
1019 1270 1319 1365 Matrimonium,

235 1365 323 1441 licet
341 1372 379 1441 iu
399 1368 476 1441 foro
498 1384 647 1439 euterun
665 1367 769 1441 aliud
791 1384 1046 1466 presumatur.
1066 1372 1177 1462 Quod
1195 1388 1319 1447 autem

127 1550 131 1557 ¹
235 1467 421 1563 Erariutus
439 1464 538 1541 uerte
558 1464 607 1538 ibi
625 1466 800 1566 loquatur
821 1465 960 1549 det'oro
979 1484 1152 1556 externo,
1174 1474 1320 1571 sapien·

236 1581 290 1637 ter
305 1567 356 1639 ait
367 1564 537 1641 Bellarm.
553 1565 673 1660 ipsum
692 1565 836 1637 Canum
849 1591 978 1664 negare
994 1591 1068 1639 uon
1086 1593 1191 1665 posse
1206 1627 1215 1657 ,
1231 1596 1319 1644 nam

233 1662 575 1763 Tridentexpressd
588 1662 800 1749 declaravit,
818 1668 987 1763 conjugia
1002 1664 1319 1741 claudestiuaesoe

234 1788 317 1837 vera
335 1764 588 1845 Matrimonia,
606 1758 696 1833 dnm
714 1760 734 1835 ὲ
753 1787 927 1835 converso
943 1764 1129 1839 Eraristua
1149 1792 1221 1837 non
1242 1771 1318 1863 jum

237 1862 339 1948 dicit,
357 1888 396 1934 ea
411 1889 486 1934 non
501 1883 577 1933 esse
593 1858 849 1953 Sacramenta,
870 1860 933 1935 sed
951 1878 1051 1957 vocat
1067 1861 1258 1952 adulteria,
1276 1878 1317 1938 et

235 1960 520 2045 fornicationes;
548 1957 672 2046 unde,
702 1985 749 2031 ne
772 1957 917 2033 dicatn'r
940 1960 1200 2035 Tridentinnrn
1225 1988 1315 2037 con·

207 2090 209 2095 ·
235 2059 423 2133 trudixiese
439 2058 648 2132 testimonio
658 2057 823 2142 Erariuti,
836 2056 887 2149 id,
904 2057 1004 2157 quod
1013 2059 1196 2133 Eraristua
1211 2061 1316 2148 dicit,

234 2155 439 2232 necessarid
455 2155 501 2228 de
518 2155 598 2228 furo
616 2171 764 2227 externo
781 2155 1072 2254 intelligendum.
1091 2156 1172 2230 Atia
1186 2158 1317 2260 objicit

235 2256 371 2341 Canus,
413 2253 521 2327 uibus
536 2251 678 2326 facilins
698 2253 964 2353 respondetur,
981 2269 1022 2328 ut
1038 2255 1162 2330 videre
1179 2260 1314 2358 poteria

218 2352 333 2454 apud
351 2283 523 2426 BdMarru.
542 2377 575 2425 c.
598 2378 631 2424 c.
654 2353 689 2422 8.

172 2476 228 2548 ⁸oe
283 2455 339 2527 Ex
356 2467 480 2526 nostra
504 2465 625 2525 autern
649 2451 828 2523 sententia
850 2452 1006 2527 insertur
1031 2480 1043 2526 ι
1067 2452 1169 2553 quod
1190 2454 1318 2531 Matri·

235 2553 369 2640 monia,
386 2574 469 2651 quae
486 2575 552 2649 per
565 2551 843 2625 Procuratorem
862 2550 1106 2636 celebrantur,
1120 2552 1205 2651 quia
1222 2568 1312 2630 suut

235 2649 390 2748 legitimi
423 2662 654 2733 contractus,
688 2673 772 2721 vera
814 2651 922 2722 etiam
955 2653 1028 2724 nint
1058 2651 1315 2741 Sacramenta,

233 2740 303 2823 nec
320 2758 412 2848 opua
431 2762 508 2830 est,
531 2762 571 2819 ut
587 2748 843 2823 contrahentes
865 2752 987 2847 postea
1006 2774 1129 2823 coram
1141 2749 1316 2824 ‘Parocho

233 2875 273 2921 re
285 2849 414 2922 sistant
430 2847 477 2920 ad
496 2847 772 2921 Matrimonium
790 2846 1045 2931 notificandum
1064 2847 1221 2937 ;Sanch‚
1243 2848 1269 2921 l.
1290 2872 1314 2922 2

233 2947 277 3020 D.
303 2972 398 3019 rrn.
419 2970 463 3045 27
481 2943 650 3019 etBellar
666 2949 939 3043 c.7n.80um
959 2944 1046 3019 Nar,
1064 2948 1151 3018 Soto
1170 2945 1313 3030 etalii,
1400 2935 1407 2959 ⁸

234 3043 536 3119 contritionum.
566 3042 725 3117 Infertur
754 3070 774 3115 2
831 3043 903 3116 uod
934 3046 1103 3143 conjugia
1132 3044 1315 3118 malitiose

235 3157 420 3218 contracta
444 3165 567 3214 coram
587 3138 753 3234 Paruclro
779 3070 1000 3230 rdinotante,
1028 3161 1065 3218 et
1089 3141 1314 3216 benedictio·

227 3268 320 3316 ,nem
350 3241 574 3336 denegante,
599 3240 673 3313 siut
700 3239 850 3339 quidem
888 3242 1042 3339 graviter
1067 3239 1217 3327 illicita,
1246 3239 1315 3314 sed

232 3339 352 3412 aulida
383 3353 420 3410 et
447 3362 528 3410 vera
556 3338 822 3426 Sacramenta,
852 3353 892 3410 ut
923 3338 1054 3412 dicunt
1086 3364 1215 3413 omnes
1271 3364 1312 3413 ro

233 3452 359 3513 nostra
375 3437 555 3511 sententia
569 3437 670 3510 allati
685 3461 695 3526 ;
709 3452 747 3508 et
762 3435 833 3510 hoc
847 3436 987 3509 etiamsi
1001 3436 1187 3512 Parooh'uu
1203 3366 1313 3510 ntide-

234 3551 286 3610 ret
316 3533 416 3610 nolle
444 3532 670 3634 intelligere,
697 3534 832 3633 nempe
864 3535 990 3608 oeulos
1019 3550 1056 3608 et
1080 3560 1186 3609 eures
1209 3534 1312 3609 clau-

233 3634 383 3715 dendo,
403 3637 623 3706 ut'aeutiunt
644 3635 796 3719 Pontius
813 3633 838 3706 l.
858 3632 880 3709 5
901 3660 931 3705 c.
954 3657 1000 3732 29
1016 3659 1052 3705 n.
1073 3658 1119 3706 22
1136 3649 1175 3707 et
1199 3632 1322 3707 Saim:

234 3760 267 3809 e.
284 3740 307 3809 8
322 3762 359 3808 n.
380 3730 427 3829 67
444 3758 530 3805 cnm
545 3732 635 3804 Led.
653 3747 690 3803 et
704 3730 824 3803 Laud.
842 3732 984 3826 (contria
1001 3732 1139 3805 Bonae.
1153 3745 1188 3804 et
1201 3729 1309 3806 Trul.

112 3852 119 3865 ·
233 3859 276 3906 ae
294 3835 402 3907 Sanc.
422 3829 449 3903 l.
473 3834 494 3905 3
514 3832 557 3903 D.
574 3832 621 3929 39
639 3854 742 3902 num.
763 3827 803 3921 6)
816 3855 859 3903 ex
875 3832 1029 3904 Decreta
1051 3829 1151 3905 Sacr.
1170 3832 1309 3927 Congr-

232 3931 346 4005 Guno.
365 3929 466 4032 apud
481 3929 645 4002 Furriroc.
661 3926 784 4031 abiud
799 3928 989 4027 quaesitum
1007 3956 1017 4003 z
1033 3928 1084 3999 Et
1092 3927 1307 4027 quea-nea-

232 4025 1312 4149 rochusadjur'rset,nr'lu'ltameneorum,quoeagebrntur,rriit't
