2917 4709
1075 46 1095 99 l

165 289 504 383 cap.111.sppendix
521 289 562 357 de
576 287 783 359 consessuriis
795 288 1051 362 sollicitantibus.
1094 296 1165 385 196

74 404 355 494 emendatione;
375 419 454 476 tum
469 404 554 573 auia
568 429 643 475 uon
658 403 830 477 eximitur
843 405 978 478 mulier
995 405 1041 480 ab
1061 405 1162 482 obli·

80 508 226 602 gatione
247 502 466 585 denunciari
498 503 509 577 i
569 502 654 670 Ἱιιίιι
685 499 758 573 alia
781 501 1040 591 denunciavit,
1070 506 1162 581 dum

82 628 315 701 unaquaque
343 625 499 701 persona
535 625 574 672 so
592 598 727 672 lleitata
755 601 907 675 omnino
940 603 1162 678 denunciare

81 714 248 789 tenetur,
266 698 339 772 sive
356 701 450 788 sint,
467 697 634 771 sirenon
649 697 724 773 sint
742 698 802 771 alii
819 698 1093 775 denunciantes.

130 799 255 890 Qnaer.
281 797 383 870 VIII.
409 800 467 871 An
497 795 711 871 denunciari
741 795 870 871 debeat
885 800 1162 887 Confesserius,

84 899 150 997 qui
176 895 321 968 mulieri
341 894 553 971 sollicitanti
577 895 780 986 consentit,
800 895 847 968 oh
877 911 1014 972 metum
1032 900 1078 972 ab
1099 899 1164 973 illa

83 997 301 1081 incussum,
319 992 422 1095 qnod
439 1017 525 1065 enm
539 1006 751 1066 accusatura
768 994 836 1085 sit,
853 995 922 1068 nisi
940 996 1166 1073 consentiat?

84 1094 205 1193 Negat
223 1094 351 1184 liunt,
369 1094 455 1192 quia
475 1092 533 1165 lea
552 1090 798 1167 ecclesiastica
821 1118 896 1166 non
910 1092 1066 1192 obligat,
1078 1121 1167 1169 cum

83 1209 206 1264 metus
220 1194 335 1288 gravis
353 1191 559 1265 intervenit.
587 1188 676 1262 Haee
692 1204 813 1267 umen
829 1196 919 1266 ratio
936 1191 1067 1267 debilis
1084 1212 1140 1266 est
1153 1206 1169 1280 ,'

85 1293 174 1391 quia
198 1291 280 1361 talis
305 1307 424 1363 metus
453 1314 528 1361 non
544 1301 715 1363 censetor
741 1292 880 1385 gravis3
900 1290 1050 1367 ludices
1066 1293 1167 1367 enim

87 1415 165 1461 non
189 1386 480 1463 facild'credunt
504 1388 640 1485 cuique
657 1384 883 1459 mulierculae
898 1393 1107 1475 accusanti,
1126 1406 1169 1465 ut

88 1487 221 1569 dicunt
241 1486 351 1560 Salm.
378 1515 417 1558 n.
439 1488 500 1584 59.
523 1487 608 1559 Esc.
624 1483 696 1556 Sed
713 1511 798 1557 curn
813 1485 944 1562 melius
960 1487 1035 1563 dici
1051 1504 1171 1588 potest

88 1584 151 1661 hic
169 1584 417 1663 confessarius
445 1610 521 1656 non
547 1608 624 1656 esse
644 1582 949 1670 denunciandus,
974 1588 1060 1685 quia
1079 1601 1169 1662 tnnc

89 1688 214 1757 reveri
232 1700 327 1758 essct
341 1682 582 1767 sollicitatus,
605 1706 683 1754 non
702 1680 924 1772 sollicitans,
951 1689 1050 1781 juxti
1071 1683 1170 1759 dicta

92 1810 131 1854 ιι.
146 1782 231 1855 68ι.

139 1882 260 1974 Qnaer.
283 1879 348 1954 lx.
374 1882 431 1954 Αιι
457 1879 503 1951 sit
520 1875 1083 1970 denunciandusConfessarius,
1105 1880 1170 1979 qui
1236 1906 1241 1923 ι

90 2005 137 2054 ea
162 1978 333 2053 condicto
356 2005 445 2052 cum
474 1978 673 2074 poenitcnte
699 1975 848 2049 simulat
866 1977 1170 2067 confessionem,

90 2091 136 2150 ut
155 2091 285 2150 tractet
307 2078 514 2151 inhonesta.
537 2073 654 2174 Negat
674 2075 754 2148 Pal.
782 2103 817 2172 p.
836 2077 859 2149 8
876 2102 916 2148 ιι.
935 2104 969 2150 a.
991 2091 1070 2150 tum
1084 2076 1175 2176 quia

91 2174 302 2251 sollicitatio
322 2190 417 2253 ,tunc
443 2189 537 2247 esset
561 2189 687 2246 mutua
704 2198 713 2264 ;
732 2188 810 2245 tum
832 2178 917 2271 qnia
938 2188 1030 2248 tuuc
1054 2176 1174 2274 poeni·

92 2289 175 2347 tens
190 2277 268 2375 ipsa
286 2272 439 2348 deberet
457 2298 495 2345 se
512 2271 748 2344 denunciare.
765 2269 874 2345 Recte
888 2270 971 2347 vero
989 2271 1174 2347 affirmant

90 2373 207 2445 Saim.
228 2400 264 2444 n.
284 2370 342 2443 60.
362 2398 449 2444 cum
472 2371 579 2444 Dian.
599 2383 636 2442 et
651 2370 754 2456 aliis,
771 2370 857 2468 quia
872 2386 962 2445 tunc
982 2377 1053 2467 jam
1072 2371 1176 2445 adest

91 2496 178 2544 vera
191 2469 398 2543 sollicitatio
414 2469 652 2555 Confessarii,
671 2492 740 2542 nec
756 2469 936 2568 poenitens
949 2470 1177 2545 denuncian-

92 2568 144 2641 do
162 2583 308 2641 tenetur
322 2568 544 2649 denunciare
561 2567 739 2665 seipsum,
753 2567 820 2639 scd
834 2567 978 2645 tantism
995 2566 1102 2641 verba
1120 2593 1176 2641 re·

91 2667 192 2739 ferre
206 2723 215 2755 ‚
235 2682 271 2736 et
288 2681 389 2738 actus
403 2664 631 2737 confessarii.
645 2664 693 2734 Et
712 2663 784 2735 hoc
798 2664 910 2738 hodit
923 2667 1089 2764 cupressi
1107 2666 1176 2737 de-

92 2765 244 2838 finitum
269 2765 379 2836 estin
402 2760 512 2834 Bulla
534 2762 670 2835 Bened.
699 2761 798 2834 XIV.
818 2788 900 2859 qooe
927 2764 1081 2862 incipit,
1110 2762 1178 2835 Se·

91 2877 336 2945 crementum,
355 2852 465 2955 (ride¹
482 2862 519 2931 in
539 2861 612 2932 fine
630 2857 716 2930 libri
731 2861 875 2933 Decret.
891 2862 943 2955 I.)
961 2860 1025 2937 ubi
1045 2862 1180 2959 proeci·

96 2962 200 3060 pitnr
223 2958 299 3031 ficri
316 2958 568 3044 denunciatio,
586 2955 727 3031 etiimsi
744 2956 952 3035 sollicitatio
965 2974 1091 3032 mutua
1106 2960 1180 3032 Ine·

94 3066 147 3132 rit
162 3082 173 3146 ;
191 3057 242 3128 ihi
257 3058 357 3129 enim
378 3057 588 3156 praecipitor
601 3053 882 3127 denunciandus
900 3082 977 3129 esse
991 3058 1179 3142 Confessa-

95 3158 173 3230 rius
194 3155 422 3243 sollicitans,
440 3152 580 3226 ettilmsi
592 3152 766 3227 Sacerdos
792 3152 1182 3251 „inquinamentis

95 3256 150 3327 ad
162 3253 411 3339 absolutionem
435 3252 547 3323 coltile
574 3248 836 3342 inpellendom
849 3267 968 3331 carent
981 3309 991 3337 ,
1004 3267 1067 3327 ont
1084 3253 1183 3325 solli-

96 3353 215 3425 citatio
233 3352 325 3423 inter
341 3347 603 3433 Confessorlum
622 3405 631 3435 ‚
651 3362 687 3418 et
700 3347 923 3445 penitentem
942 3367 1060 3425 mattea
1071 3349 1187 3443 fuerit

99 3450 172 3523 stne
191 3447 393 3523 sollicitanti
408 3447 590 3545 pendens·
603 3446 850 3533 consenserit,
878 3446 951 3519 sivi
969 3472 1182 3523 consensum

4 3540 6 3553 '
98 3547 242 3633 minimi
257 3544 463 3644 prostiterit,
480 3545 536 3615 vel
548 3545 687 3643 longum
706 3556 842 3640 empus
851 3562 936 3641 post
952 3545 1066 3644 i'psom
1081 3546 1183 3620 solli*

100 3646 303 3719 citationem
315 3643 393 3737 som
409 3643 590 3739 ffunerit.
951 3662 956 3691 ³

140 3745 271 3835 Quaer.
289 3745 335 3818 X.
358 3749 416 3817 Αιι
432 3744 478 3813 sit
499 3737 781 3823 denunciandus
801 3738 940 3826 laicus,
956 3741 1012 3816 vel
1031 3767 1104 3815 non
1123 3734 1241 3836 Sassffl

103 3842 234 3914 cordos
259 3841 462 3914 sollicitans
489 3838 529 3910 in
553 3838 811 3921 confessione,
832 3839 1010 3914 simulans
1028 3868 1066 3913 sc
1087 3838 1185 3912 Con·

102 3940 324 4014 fossarium?
340 3939 594 4038 Respondetur
606 3935 816 4011 affirmativi
834 3964 923 4019 cuna
936 3936 1048 4013 satus.
1067 3964 1103 4009 ιι.
1116 3964 1188 4033 oq.

104 4038 222 4114 Ronc.
244 4038 269 4111 l.
291 4064 325 4113 c.
355 4040 395 4112 B.
415 4039 449 4112 3.
464 4036 585 4119 Ratio,
603 4037 709 4134 qnia,
737 4034 825 4108 hcet
845 4039 878 4119 is,
893 4039 1028 4115 nonsit
1044 4035 1190 4119 denunf

105 4135 260 4212 claudus
287 4137 423 4213 ratione
447 4133 714 4209 sollicitationis
733 4159 776 4206 cx
794 4132 902 4219 Bulla
918 4134 1090 4235 Gregorii
1106 4131 1190 4212 XV.
