2917 4709
235 219 316 310 Cap.
339 217 398 284 nt.
410 217 499 285 Dub.
511 217 559 286 V.
578 219 627 285 De
643 219 792 286 Ministro
808 218 903 310 hujus
919 211 1126 288 sacramenti.
1192 213 1237 305 95

140 342 277 421 eontra
301 356 424 411 suam,
441 356 554 429 qnam
573 331 649 428 ipse
670 347 775 429 putat
797 328 1101 429 probibiliorem,
1118 331 1234 415 molta

140 425 321 502 ridentur
334 430 626 503 inconvenientia
644 431 761 528 sequi.
775 430 960 505 Ponarnus
974 430 1076 515 enim
1093 454 1232 515 casum,

143 525 254 623 quod
274 526 403 628 aliquis
426 526 627 601 simoniace
648 530 847 626 pecuniam
868 529 1073 629 acceperit,
1094 532 1161 603 iste
1179 555 1235 603 se·

141 622 317 723 cundiam
349 628 494 725 aliquos
522 642 667 700 tenetur
692 630 882 700 restituere
909 628 1065 725 pretium
1100 654 1236 728 accep-

141 733 231 797 tum
250 725 310 812 ei,
335 726 400 827 qni
428 725 557 815 dedit,
583 723 791 799 secundnm
820 724 941 817 alios,
964 726 1156 818 Ecclesiae,
1175 726 1234 802 vel

147 821 402 922 pauperibus3
427 826 457 897 si
483 824 576 897 forte
593 823 655 896 hie
680 823 840 896 additos
860 825 1108 901 Confessarios
1125 852 1235 898 acces
1258 868 1261 872 <

148 919 275 1009 deret,
291 949 449 1023 qnorum
465 950 560 995 unus
576 920 754 1017 obligaret
767 921 814 995 nd
830 916 1094 996 restituendam
1110 924 1233 1013 danti,

148 1033 289 1117 putans
312 1023 469 1120 primam
497 1022 708 1119 opinionem
736 1020 1046 1121 probabiliorem,
1073 1022 1236 1097 altered

146 1120 420 1193 restituendum
446 1120 650 1206 Ecclesiae,
678 1122 764 1220 quia
784 1123 1006 1195 contrariam
1032 1136 1132 1212 tenet
1152 1145 1239 1195 sen·

148 1220 304 1291 tentiam
318 1241 327 1303 ;
343 1244 466 1319 quaero
487 1222 523 1289 in
542 1217 613 1290 hoc
628 1243 712 1289 casn
729 1275 739 1304 ,
756 1221 815 1292 eui
831 1221 1013 1319 poenitens
1033 1218 1160 1319 parere
1174 1218 1236 1292 de·

147 1308 279 1401 beret,
298 1343 382 1393 cum
409 1331 594 1389 teneretur
614 1320 806 1416 utriusque
820 1320 876 1391 sui
897 1318 1116 1391 confessarii
1140 1317 1236 1418 jndia

148 1415 212 1485 cio
235 1441 275 1486 se
299 1414 557 1488 conformare?
581 1417 632 1486 Er
659 1416 689 1488 si
715 1416 809 1489 tor-rt
838 1418 998 1512 paruerit
1026 1419 1173 1513 primo,
1200 1432 1238 1493 et

149 1519 275 1612 postet
292 1516 508 1589 confiteatur
521 1512 699 1606 secundo,
712 1540 802 1585 nom
824 1513 880 1587 bis
898 1516 1162 1589 restitutionem
1181 1516 1238 1588 fa-

149 1638 236 1684 eere
254 1612 402 1685 debebit
417 1614 432 1683 i
446 1616 620 1686 Praeterea
634 1612 665 1683 si
680 1613 838 1711 quilibet
853 1615 1038 1711 poenitens
1053 1622 1238 1687 'teneretur

152 1711 260 1810 sequi
284 1713 497 1809 opinionem
522 1710 807 1807 probabiliorem
835 1712 892 1784 sui
918 1711 1156 1793 confessarii,
1182 1738 1237 1785 se·

154 1826 353 1907 querelor,
369 1809 473 1910 quod
489 1811 547 1901 rix
566 1809 668 1881 nllus
682 1809 1020 1893 Confessariornm,
1041 1811 1098 1882 rel
1115 1810 1239 1884 Theo·

151 1902 324 2007 logoru'rn
341 1912 356 2005 (
373 1907 495 1980 adhire
514 1907 701 2004 rigidioris
712 1911 931 2003 sententie)
949 1923 1071 2008 posset
1090 1907 1238 1983 absolu·

153 2013 295 2080 tionem
322 2010 623 2083 sacramentalem
649 2008 835 2103 recipere,
864 2033 947 2080 nnm
976 2008 1032 2079 rix
1059 2014 1237 2107 umquem

152 2132 261 2179 casus
291 2122 412 2205 posset
437 2105 631 2190 accidere,
666 2106 769 2205 quod
798 2106 935 2179 horum
970 2105 1102 2205 aliquis
1135 2110 1237 2180 inre-

152 2207 243 2277 niat·
256 2204 542 2294 Confessarinm,
560 2205 625 2302 qui
641 2230 716 2276 non
741 2202 873 2278 habeat
891 2220 930 2293 nt
948 2202 1237 2300 improbabiles,

151 2318 219 2376 ant
238 2303 367 2378 saltem
388 2303 512 2377 minirs
535 2302 757 2399 probabiles,
777 2303 900 2400 plnres
922 2304 1127 2398 opiniones.
1146 2328 1239 2402 ques

152 2407 344 2501 tamqutm
359 2401 626 2502 probabiliores
640 2400 707 2473 ille
724 2416 832 2474 tenet.
846 2402 943 2475 Hinc
960 2400 1116 2474 alterum
1133 2426 1240 2476 exeo·

149 2502 558 2599 gitemuscasnszuo
569 2501 786 2572 Confessarii
798 2499 1035 2573 liabentduas
1047 2500 1240 2600 opiniones

153 2602 379 2689 contrarias,
392 2625 549 2700 quarum
566 2600 712 2696 utrique
726 2624 790 2670 sua
808 2599 930 2697 opinio
947 2613 1098 2694 apparet
1112 2596 1242 2695 proba·

152 2697 286 2780 bilior:
300 2702 330 2773 si
350 2728 443 2772 oriris
462 2696 548 2769 velit
564 2698 667 2770 alteri
686 2699 865 2780 confiteri,
880 2696 1030 2768 deberet
1041 2696 1104 2770 hio
1119 2700 1242 2794 (juxte

153 2798 377 2874 sententiam
403 2797 590 2895 Fagnani,
616 2812 653 2868 et
676 2798 899 2889 Sociorum)
925 2793 1030 2868 suerri
1055 2794 1243 2893 deponere
1326 2804 1330 2813 ’

145 2900 397 2997 opinionem,
427 2896 651 2994 captivando
667 2895 924 2977 intellectum,
951 2910 992 2967 ut
1013 2894 1243 2971 confessario

152 3024 226 3072 suo
255 2995 367 3097 judici
397 2996 596 3069 constituto
624 3009 756 3092 parcnt.
786 2995 922 3073 Contra
952 2991 1063 3080 verb,
1095 2995 1125 3067 si
1151 2992 1243 3069 alter

156 3100 284 3197 posteri
312 3094 397 3167 hnic
420 3094 656 3168 confiteatur.
680 3090 833 3164 deberet
852 3091 911 3163 hic
935 3089 1118 3165 secundus
1145 3094 1243 3167 Com·
1323 3154 1331 3168 .

156 3197 330 3271 [essarius
345 3219 447 3264 suam
463 3192 648 3265 resumere
665 3190 877 3288 opinionem
895 3243 904 3273 ,
925 3214 1008 3288 quae
1026 3189 1096 3263 sibi
1116 3190 1247 3290 proba-

154 3294 273 3369 bilior
289 3304 441 3390 apparet
453 3316 464 3379 ;
478 3306 567 3371 tnnc
580 3293 679 3362 enim
695 3288 845 3361 deberet
861 3287 1023 3384 judicare
1037 3288 1245 3365 secundnm

142 3394 269 3467 'suom
289 3390 479 3490 proprium
494 3388 675 3484 judicium
690 3405 749 3480 ,et
769 3388 917 3460 deberet
930 3386 1038 3459 illurn
1058 3389 1243 3483 obligare,
1340 3422 1345 3432 ·

162 3508 204 3565 nt
223 3491 387 3589 deponat
405 3490 639 3590 opinionem,
656 3513 768 3583 qnam
794 3486 862 3559 sibi
892 3485 993 3580 prins
1017 3486 1244 3586 sequendam

160 3591 363 3689 imposuit;
388 3602 425 3660 et
445 3615 491 3659 en
512 3586 694 3661 comoedia
721 3588 794 3658 risu
821 3585 929 3679 digna
950 3642 958 3668 ,
980 3587 1063 3681 q'uae‘
1080 3580 1245 3753 pontidii

157 3692 258 3763 inter
286 3685 533 3760 Confessarios
559 3687 732 3758 eveniret.
762 3684 853 3775 Quis
879 3681 1246 3783 putabit,Crristnm

162 3789 367 3862 Dominum
388 3785 435 3857 ad
459 3785 538 3858 haec
562 3809 672 3855 onera
697 3783 736 3854 in
760 3782 995 3855 sacramento
1017 3780 1248 3856 Poenitentioe

159 3884 411 3961 Confessarios
426 3898 461 3955 et
482 3883 695 3981 prenitentes
716 3882 875 3953 voluisse
898 3879 1060 3975 obligare
1078 3876 1094 3949 i
1109 3881 1248 3954 Praete'-

166 3990 228 4060 rea
246 4041 254 4065 .
272 3983 388 4058 facite·
398 3995 613 4080 sequeretur
631 4037 639 4067 ‚
688 3978 780 4065 nod,
794 4005 878 4050 cnm
903 3976 1095 4049 accederet
1114 3978 1247 4079 aliquis

161 4083 415 4179 numerarius
432 4081 479 4155 ad
496 4006 753 4180 recipiendum
774 4077 844 4151 hoe
860 4078 1160 4170 Sacramentum,
1178 4075 1247 4153 de-
