2917 4709
235 128 301 198 464
377 182 380 185 .
413 124 415 129 ’
447 127 520 196 Lib.
537 126 596 201 Vl.
613 118 721 201 Traot.
738 127 797 203 vl.
819 130 870 200 De
884 129 1103 201 listrinonlo.
1173 146 1184 187 τ

188 274 192 285 ·
229 234 255 313 u
283 240 362 314 Nisi
392 253 513 313 tomen
534 245 581 317 sit
612 267 722 326 causa
742 244 881 340 gravis,
902 244 963 317 uui
979 240 1159 319 domnum
1177 256 1313 339 eorpo-

233 369 253 406 ι
284 339 360 411 rale
380 339 543 413 videatur
560 342 860 441 postponendum
874 367 935 428 ‚·v.
954 367 1006 438 gr.
1027 337 1236 438 perieulum
1254 332 1316 409 iri·

234 467 252 503 »
285 440 518 512 contineutiae
540 442 578 512 iu
604 466 664 526 se,
686 439 746 513 vrel
772 453 969 539 comparte.
991 437 1085 513 Bon.
1109 463 1147 538 p.
1166 437 1191 511 6
1212 463 1251 509 ιι.
1277 438 1315 512 8.

235 566 254 635 ιι
283 537 395 609 Perez
414 536 449 609 d.
467 539 513 622 50
530 567 561 610 s,
579 543 603 629 4
622 566 662 611 ιι.
678 540 712 613 5.
732 571 748 603 o

249 720 255 728 ι
284 634 410 708 Dubit.
437 664 466 711 ι.
484 639 541 713 Au
562 637 671 708 licent
688 653 811 736 petere
827 662 918 713 cum
936 633 1103 734 periculo
1114 629 1284 706 sanitatis
1303 653 1316 715 ,·

235 732 371 830 nempi
396 736 426 809 si
447 734 627 808 alteratur
651 736 861 835 Coujugum
882 733 1025 808 laboret
1044 734 1167 831 lepra,
1185 727 1316 803 morbo

237 829 392 930 gallico,
415 831 576 928 phibin,
601 849 664 905 out
689 834 761 907 sliu
783 831 914 907 morbo
938 829 1175 931 corutsgioso?
1191 831 1261 903 Per
1277 851 1317 904 se

236 930 425 1029 loquendo
438 958 513 1004 ιιοιι
528 931 634 1023 licet,
651 958 861 1025 oumnemo
876 932 1105 1005 sitdominus
1122 953 1199 1001 sum
1217 926 1317 1014 ritoe,

238 1031 468 1120 autsslutis3
493 1030 674 1103 Attamen·
689 1030 930 1132 probabiliter
950 1027 1125 1103 Busemb.
1145 1040 1189 1100 ut
1206 1026 1318 1123 sopri

239 1153 325 1219 cum
341 1130 475 1203 Bonae.
495 1145 531 1213 et
544 1131 669 1209 Perez.
689 1157 731 1203 ao
746 1128 882 1203 Ssueh.
899 1129 923 1201 l.
940 1155 975 1229 9.
992 1130 1037 1202 D.
1054 1132 1101 1220 24
1113 1152 1154 1199 ιι.
1170 1124 1215 1198 23
1232 1146 1319 1196 oum

239 1229 353 1324 Cujet.
364 1228 404 1300 P.
419 1229 518 1305 Soto.
534 1228 649 1318 Graff.
663 1230 750 1300 item
761 1228 863 1301 Boss.
881 1254 914 1301 c.
933 1256 945 1300 1
964 1255 1002 1300 n.
1025 1225 1089 1324 195
1102 1238 1139 1297 et
1152 1245 1221 1320 209
1232 1245 1321 1294 oum

238 1325 344 1398 Pont.
357 1326 484 1423 Lsym.
498 1340 535 1398 et
547 1329 630 1422 Reg.
648 1316 788 1413 discunt,
807 1325 921 1425 quod,
934 1327 964 1398 si
979 1322 1132 1399 morbus
1146 1347 1224 1395 esse
1237 1318 1322 1391 dius

241 1436 389 1504 turnus,
407 1440 443 1495 et
468 1450 543 1497 non
566 1427 731 1524 proxime
749 1426 906 1499 tendens
931 1423 977 1496 uri
993 1436 1167 1502 mortem,
1186 1415 1321 1516 nempe

243 1520 346 1619 quod
361 1547 435 1593 non
452 1512 566 1595 solent
583 1523 628 1596 de
646 1525 747 1620 beeri
762 1539 799 1597 et
815 1522 915 1596 facili
931 1537 1088 1595 mortem
1107 1519 1260 1602 inferre,
1278 1531 1323 1587 ut

241 1635 336 1692 esset
349 1626 477 1716 pestis,
490 1637 553 1705 sut
569 1620 670 1721 lepra
684 1622 829 1711 leonina
845 1627 858 1711 (
897 1647 943 1694 us
957 1621 1138 1693 frustatim
1153 1613 1324 1690 membra

242 1718 535 1807 decidunt),tuno
547 1744 622 1794 nou
632 1721 678 1794 sit
691 1648 1043 1793 futurumillioitum
1053 1742 1141 1791 suno
1153 1710 1323 1814 potere,si

242 1815 360 1891 aderit
371 1822 470 1915 juxti
484 1842 611 1906 coms,
626 1819 803 1895 nimirirm
813 1818 958 1893 fovendi
972 1841 1134 1890 amorem
1144 1819 1325 1911 coniugu-

241 1910 337 2006 lem,
353 1930 414 1989 sut
425 1918 558 1989 vitandi
572 1916 1035 1993 incontinentisminsevel
1045 1917 1084 1987 in
1094 1912 1327 2009 altero,quis

244 2016 333 2086 sli'as
353 2014 573 2103 essetnvoldl
592 2042 790 2091 onerosum
814 2015 955 2093 tamdiu
975 2015 1158 2087 abstinere
1182 2009 1229 2082 ab
1255 2032 1327 2085 usu

245 2115 408 2209 conjugii
424 2169 433 2201 ‚
454 2114 555 2212 quod
571 2116 627 2188 vix
644 2118 776 2214 poterit
793 2141 870 2189 esse
883 2117 961 2189 siue
978 2110 1143 2214 periculo
1163 2108 1328 2203 inconti-

239 2213 388 2305 mentite.
413 2211 686 2295 Advertendum
709 2227 853 2304 tamen,
869 2211 973 2313 quod
999 2213 1144 2309 Coujux
1167 2207 1327 2281 inlectus

241 2308 378 2395 morbo
396 2310 548 2407 gallico,
565 2325 628 2407 sut
644 2311 754 2389 simili
772 2314 1003 2409 contagioso,
1019 2336 1096 2385 non
1111 2306 1247 2407 poterit
1261 2330 1327 2402 pe-

247 2421 324 2479 tere
343 2404 389 2498 ab
407 2406 518 2482 alteru
539 2410 665 2500 inscio,
679 2411 749 2483 uisi
765 2412 894 2485 vitium
910 2435 1017 2483 suum
1033 2408 1088 2481 illi
1100 2403 1327 2491 manifestet,

246 2522 285 2585 ot
299 2504 566 2587 manifestando
579 2511 691 2607 possit
705 2509 796 2583 ulter
805 2507 975 2583 remediis
983 2530 1176 2581 occurrere
1184 2501 1330 2590 morbos

248 2602 324 2676 imi)
338 2609 526 2679 necetism
538 2607 671 2700 poterit
687 2605 853 2692 reddere,
866 2607 937 2680 nisi
951 2604 1104 2680 certiore
1118 2603 1331 2676 lactosano.

248 2701 347 2779 Hinc
359 2698 517 2779 beuie'ait
533 2706 676 2781 Bossius
688 2734 720 2781 o.
743 2735 754 2779 ι
774 2702 1017 2804 ιιιίὃο,ι]ιιοά
1032 2701 1231 2802 dupliciter
1244 2723 1331 2799 peo-

251 2815 365 2887 earet,
384 2805 447 2901 qui
462 2803 632 2883 loborans
646 2802 775 2878 morbo
792 2804 923 2904 gallico
937 2803 1214 2879 fornicationem
1229 2822 1332 2871 com·

250 2906 486 2987 mittere13et
507 2906 658 3002 insuper
681 2919 868 2977 teneretur
890 2928 972 2977 com
1002 2924 1128 2975 enssre
1152 2922 1332 2997 expensae

250 3001 520 3100 procuratione
537 3028 546 3068 ι
562 3000 807 3075 Probabiliter
819 3016 941 3075 tamen
962 2929 1008 3072 al)
1022 2998 1092 3071 hoc
1109 3021 1332 3093 compenso.-
1368 3032 1372 3055 ι

252 3099 351 3171 tione
367 3113 514 3171 excusat
527 3099 715 3184 foeminas,
730 3100 802 3173 nisi
816 3102 905 3197 ipsse
920 3099 1103 3198 requisito}
1115 3092 1334 3169 fraudolen-

251 3209 309 3269 ter
324 3222 433 3269 suom
449 3197 622 3279 morbum
638 3213 812 3295 tegerent.
833 3200 925 3293 Non,
933 3210 1053 3297 potest
1067 3191 1338 3291 igiturCoujux

252 3295 411 3373 insectus
425 3310 513 3368 tono
529 3296 698 3378 reddere.
716 3298 786 3373 nisi
803 3296 974 3379 morbum
989 3292 1337 3367 manifestetCoete·

241 3392 339 3487 ‚sirm
358 3393 444 3466 vero
464 3420 537 3466 uon
559 3411 704 3468 tenetur
721 3396 967 3479 manifestare,
991 3395 1171 3491 quianon
1187 3403 1339 3481 tenetur

257 3517 342 3565 cum
365 3506 466 3575 tanto
492 3495 721 3575 detrimento,
736 3522 809 3569 suae
829 3494 931 3566 fsmae
954 3487 1143 3590 conjugale
1159 3485 1338 3561 debitum

255 3605 446 3705 praesture:
469 3593 513 3665 In
526 3591 697 3666 omnihus
709 3598 809 3666 enim
820 3589 1069 3669 contractibus
1084 3586 1341 3688 gravissimum

256 3690 537 3780 incommodum
552 3692 591 3763 iu
610 3692 790 3769 solutione
798 3704 945 3765 excuset
958 3695 979 3764 ὲ
992 3686 1115 3762 debito
1130 3682 1339 3768 reddendo,

243 3805 301 3863 ¹ut
317 3789 366 3859 ait
384 3790 516 3863 Tamb.
533 3791 565 3869 l.‚
577 3816 611 3883 7.
629 3791 710 3863 Dic.
728 3817 761 3862 c.
779 3792 799 3865 3
814 3790 844 3886 ἓ.
862 3791 884 3864 5
900 3815 939 3872 ιι,
960 3789 1001 3863 ι3
1014 3813 1101 3865 cum
1113 3786 1217 3874 Soto,
1234 3785 1341 3884 juxte

260 3885 414 3961 dioeuda
435 3890 474 3961 in
493 3886 605 3967 simili
624 3914 710 3962 essu
731 3915 770 3962 n.
790 3891 876 3986 491.
989 3936 993 3941 -
1191 3950 1195 3955 .

164 3997 167 4002 ’
222 4070 226 4083 ,
274 4000 275 4003 ’
308 3986 392 4062 Non
412 3987 499 4064 licet
514 4002 637 4063 autem
654 4004 775 4089 petere
790 3988 913 4066 stetim
925 3989 947 4062 l
961 3982 1130 4087 balneis!
1148 3979 1211 4059 rer
1224 3982 1244 4055 l
1256 4001 1348 4069 seon,
