2917 4709
407 191 528 283 ειμι.
545 188 633 258 nun
650 134 993 281 anteponitis.
1164 136 1226 274 '5⁶7

154 283 352 381 timeantur
367 326 377 388 ;
395 315 432 375 et
445 300 494 374 ita
507 299 666 374 babetur
678 317 721 373 ex
751 325 889 374 reatum
908 303 946 374 in
961 325 993 373 c.
1010 299 1066 373 Ex
1083 294 1228 373 litteris.

156 425 198 472 ιο
219 399 264 473 de
279 399 443 500 sponsali
459 397 669 473 ubidicitur
685 427 692 470 :
740 398 955 472 calesmata
969 399 1117 471 censurii
1132 423 1229 471 com-

148 499 261 592 pellas
279 555 288 583 ,
306 497 379 569 nisi
397 497 609 570 rationabilis
624 522 734 570 causo
753 495 928 570 obstrierit.
946 497 996 569 Et
1010 497 1063 570 sic
1084 496 1229 568 censuit

152 596 188 669 S.
213 597 255 668 C.
275 594 538 669 abstinendum
567 600 586 668 ὲ
615 595 804 669 coactione
825 649 835 679 ‚
855 594 1077 694 suffragante
1102 591 1228 692 aitqua

180 692 333 767 inhabili
360 720 469 767 causa
492 723 501 763 :
522 692 629 767 aecus
643 691 728 765 'vero
742 693 860 766 sanxit
874 693 985 780 aliia,
1004 706 1045 764 ot
1059 691 1169 765 refert
1185 694 1227 765 Ρ.
1242 700 1248 724 ’

153 718 327 866 {achario
346 790 446 887 apud
466 790 574 866 Croix
591 790 617 863 l.
641 788 666 862 6
688 816 725 889 p.
746 792 768 864 3
786 790 833 862 ad
850 818 887 864 u.
902 791 963 865 62.
982 790 1091 865 Recte
1106 802 1229 864 autem

154 888 347 964 advertunt
365 888 538 964 Bueemb.
556 904 593 964 et
602 889 733 961 Tamb.
754 884 835 962 raro
847 889 1039 986 expedire,
1055 903 1228 986 utpartee

155 986 201 1058 ad
220 989 290 1062 tale
304 990 579 1062 Matrimonium
596 1002 794 1084 cogantur:
808 986 971 1087 huicque
987 985 1170 1062 consentit
1185 986 1227 1059 Ρ.

152 1086 314 1160 Concioa
340 1085 485 1176 dicens,
501 1112 646 1185 semper
661 1087 784 1158 minue
800 1084 938 1159 maium
962 1110 1063 1169 eoae,
1087 1101 1129 1158 ut
1171 1111 1228 1159 aro

153 1185 332 1258 innocens
357 1185 405 1257 ab
433 1183 645 1285 huiusmodi
665 1186 896 1258 Matrimonio
923 1183 1113 1257 abstineat.
1136 1113 1229 1257 Mem

153 1283 253 1363 recte
274 1282 427 1357 advertit
441 1283 572 1355 Tamb.
591 1281 753 1380 quod‚si
771 1307 854 1381 pera
870 1282 1029 1355 renitens
1046 1281 1157 1354 suerit
1171 1306 1230 1354 ex·

89 1416 92 1421 >
153 1380 439 1470 communicata,
456 1395 491 1455 et
508 1385 683 1479 persistat,
695 1378 815 1453 Judex
831 1378 961 1454 debeat
972 1406 1053 1453 eam
1067 1379 1229 1453 absolve-

153 1503 219 1565 re,
240 1482 324 1649 ‘Mi‘
352 1494 440 1553 tuuc
467 1504 543 1557 uon
566 1491 735 1579 speratur
757 1477 959 1578 proiectum
980 1494 1017 1552 et
1035 1494 1180 1561 contra,
1197 1478 1230 1551 ai

154 1575 228 1650 taie
291 1578 524 1651 atrimuuium
546 1575 852 1662 contraheretur,
903 1576 1077 1651 rudenter
1108 1577 1230 1652 malos

153 1675 273 1749 exitas
285 1675 586 1753 timendueeaset.
602 1674 740 1747 Natant
756 1674 864 1747 etiem
876 1603 991 1755 ialin,
1009 1701 1048 1747 n.
1061 1699 1119 1772 9²·
1143 1668 1231 1749 cuin

154 1773 288 1847 Sanch.
302 1774 411 1848 Pout.
426 1772 503 1847 Pal.
514 1788 585 1846 etc.
595 1773 698 1873 quod
709 1771 757 1856 ‚ei
768 1786 911 1846 constet
924 1771 1000 1846 dea
1028 1771 1231 1860 onsalibue,

154 1876 230 1944 tim
241 1871 782 1970 JudexEcclesiasticus‚quitm
799 1871 982 1946 secularia
999 1800 1160 1945 iiabeaut
1173 1875 1231 1970 jus

155 1970 313 2068 eogendi
329 1997 482 2070 sponsos
501 1970 548 2043 ad
562 1970 849 2045 Matrimonium.

205 2103 222 2131 a
255 2094 287 2140 2.
306 2069 340 2142 Si
357 2069 380 2142 J
383 2066 476 2141 udex
492 2068 698 2141 seeundum
710 2066 886 2164 allegata,
903 2073 944 2141 ct‘
958 2067 1109 2167 probata
1125 2081 1268 2176 cogat&

157 2195 178 2234 n
205 2165 254 2239 ad
278 2166 574 2265 Matrimonium,
598 2167 724 2239 liceto
746 2181 848 2266 purte
869 2168 922 2240 rei
952 2171 1074 2240 revera
1093 2169 1231 2242 coactio
1260 2138 1285 2190 ἦ
1329 2246 1333 2251 ,

153 2296 173 2331 ιι
205 2266 252 2338 sit
267 2267 419 2362 injusta,
433 2264 528 2339 valet
538 2264 828 2339 Matrimonium.
843 2264 977 2361 Sanch.
991 2281 1026 2339 et
1043 2267 1090 2340 M.
1102 2266 1230 2356 Perea,

156 2393 178 2434 ιι
206 2377 332 2437 contra
350 2363 486 2437 Texed.
502 2364 602 2463 apud
616 2365 723 2437 Dian.
739 2390 777 2461 p.
793 2388 818 2464 9
836 2378 860 2465 t:
880 2363 913 2435 8.
929 2364 971 2437 R.
991 2361 1048 2435 26.

210 2491 229 2527 u
257 2463 290 2534 3.
307 2462 739 2558 Fornicatioaponaaeeat
750 2461 1021 2535 circumstantia
1035 2459 1074 2533 in
1091 2462 1231 2536 consce-

158 2590 175 2627 ι
204 2560 308 2631 sione
325 2558 580 2659 exprimenda,
598 2562 685 2659 quia
702 2574 821 2633 mutat
847 2562 1024 2659 speciem,
1043 2574 1080 2633 et
1094 2565 1231 2634 consti·

151 2662 180 2725 ἰ
209 2657 278 2726 tuit
294 2658 525 2747 iniustitiam,
546 2661 682 2756 quaein
702 2682 834 2755 sponsa
851 2662 963 2755 gravis
982 2670 1059 2743 est,
1075 2657 1233 2760 ideoque

157 2792 176 2824 ι
207 2753 371 2827 mortalia
389 2752 565 2839 habetur,
593 2757 677 2833 ntsi
697 2756 874 2853 quierem
895 2754 997 2829 alteri
1017 2757 1232 2855 promiscam

157 2886 176 2919 a
206 2851 420 2947 notabiliter
445 2864 681 2948 corrumpat:
708 2853 809 2949 quod
832 2867 954 2925 tamen
977 2879 1133 2952 aponcus
1156 2881 1256 2935 unu¹

158 2980 179 3021 a
208 2966 378 3024 censetur
394 2951 512 3024 facere
527 2950 764 3031 fornicando.
780 2960 867 3023 cu'm
885 2955 922 3023 in
941 2954 1020 3024 viro
1040 2951 1232 3026 fornicatio

158 3082 179 3119 a
208 3071 283 3122 non
299 3050 392 3125 tanti
405 3050 622 3131 aeetirn‘ctur,
644 3049 713 3120 nisi
729 3048 830 3123 aliud
847 3048 1006 3123 accedat.
1018 3050 1155 3123 Sauch.
1169 3051 1195 3125 1.
1216 3080 1228 3125 ι

160 3181 178 3217 a
209 3146 293 3220 dist.
307 3173 340 3219 2.
354 3146 510 3225 Conink.
528 3147 691 3243 Fagund.
709 3146 795 3219 Fili.
811 3161 880 3236 etc,
896 3146 1234 3245 probabiliterooti·

122 3294 124 3299 ,
145 3277 178 3328 ¹a
209 3258 261 3317 tra
275 3247 400 3344 Laym.
414 3247 517 3320 Azor.
537 3263 606 3318 etc.
624 3245 720 3318 Vide
734 3247 837 3343 Lego
853 3245 894 3320 dt
914 3244 956 3318 ιδ
972 3273 1006 3319 ιι.
1030 3250 1108 3346 176.
1125 3280 1145 3315 a

210 3340 313 3416 Circi
334 3345 427 3416 hanc
441 3345 681 3442 qoaeetioncm
699 3344 800 3421 adeat
814 3344 943 3443 triplex
958 3346 1136 3423 sententia
1152 3374 1235 3443 pro-

159 3438 307 3516 babilis.
337 3443 458 3513 Prima
481 3442 598 3529 dicit,
625 3444 726 3537 quod
748 3441 939 3519 fornicatio
966 3447 1039 3517 itm
1053 3456 1234 3542 'sponsae‚

156 3544 271 3636 quim
288 3540 412 3634 sponsi
431 3541 561 3613 induat
579 3543 752 3615 maiitiam
772 3543 891 3640 specie
909 3541 1108 3625 diuersam:
1127 3558 1164 3616 et
1184 3544 1235 3616 itt

157 3650 290 3717 tenent
306 3635 383 3709 Pat.
404 3664 438 3735 p.
494 3664 535 3718 ιι.
556 3638 715 3737 5'Laym.
735 3648 767 3710 cl
791 3668 802 3715 ι
823 3667 859 3711 ιι.
874 3638 909 3712 6.
926 3639 1069 3714 Holzm.
1089 3667 1128 3714 u.
1154 3643 1239 3739 ¹94·-

160 3743 268 3813 Azor.
282 3732 394 3832 ,opud
414 3661 501 3809 Fiii.
520 3761 553 3807 c.
573 3761 594 3807 2
613 3753 648 3809 n.
670 3736 716 3809 53
742 3754 778 3809 ct
795 3737 906 3809 Saim.
927 3736 973 3811 de
992 3738 1123 3839 Spons.
1148 3763 1237 3812 cum

164 3838 256 3908 Con.
275 3834 410 3907 Dicast.
426 3849 462 3906 et
478 3831 557 3905 aliis
574 3859 607 3904 c.
633 3861 644 3907 ι
665 3863 701 3907 n.
722 3863 758 3910 ιι
777 3838 863 3937 quia
878 3861 919 3907 ex
934 3850 1033 3936 {nacte
1048 3839 1238 3935 utriusque

162 3933 296 4029 injuria
312 3936 491 4030 irrogatur
509 3934 599 4031 jari,
623 3933 725 4033 quod
744 3960 838 4008 ortua
863 3935 1053 4030 acquisivit
1071 3934 1118 4010 ad
1140 3960 1236 4023 rem,
1278 3956 1289 3975 ⁵

66 4074 69 4079 ·
161 4029 236 4107 eive
253 4029 301 4103 ad
321 4057 454 4130 corpus
481 4030 640 4104 alterius.
668 4029 964 4120 Sewndodic'it,
987 4031 1090 4133 quod
1111 4049 1238 4133 peccet
