2917 4709
239 222 309 321 ⁸4⁶.
348 223 429 315 Lib.
438 224 498 297 Vl.
509 220 616 295 Trici.
626 219 672 296 V.
681 223 733 293 De
748 219 1237 310 Extrema—Unci.,ct()rdi1c.

240 365 264 419 o
290 364 357 438 per
374 341 533 415 minores
550 336 598 412 ad
614 343 771 436 majores
795 334 1046 410 ascenderent.
1064 336 1159 433 Ergo
1179 337 1328 407 Tanai·-

240 461 262 504 s
290 439 464 511 caminici
484 437 633 511 Ordines
651 460 722 508 non
743 448 932 509 enumerat.
949 434 1123 507 Prntcrcd
1134 434 1325 508 Concilium

241 562 265 605 ι
292 560 378 608 sess.
407 536 453 609 23
488 560 570 650 cap.
608 556 648 634 ι’]
685 547 831 605 testatur
864 531 932 605 hos
969 534 1066 605 solos
1097 534 1247 605 Ordines
1275 531 1325 603 ab

241 659 265 703 n
292 624 387 704 inilia
390 632 513 728 fiir'ssc
530 658 566 704 in
587 631 772 718 Ecclesia,
789 634 914 729 nempe
931 631 954 702 d
971 631 1172 703 Diaconum
1193 631 1245 703 ad
1259 631 1327 701 Os·

242 757 265 800 a
290 730 509 822 dadacum?
517 728 642 805 Exitio
654 734 726 803 tres
738 732 953 827 posteriores
968 729 1143 805 dicuntur
1153 734 1324 823 majores,

242 856 262 896 ο
292 828 365 903 siric
386 831 492 915 sacri,
512 829 561 902 ob
589 854 768 902 annexum
794 842 918 902 votum
940 827 1104 901 solemne
1127 829 1326 918 castitatis,

241 951 263 994 s
293 928 376 1021 (etsi
394 927 585 1003 ordinatus
604 952 668 1025 per
681 953 826 1024 gravem
846 924 1064 1017 metum,rel
1078 926 1201 999 nimiis
1214 924 1325 997 blan·

242 1053 264 1095 ιι
294 1025 416 1113 ditiis,
439 1042 476 1119 et
504 1026 782 1126 importunitate
827 1040 994 1099 arentum
1016 1023 1256 1126 probabiliter
1279 1049 1326 1096 eo

242 1152 265 1196 n
293 1149 369 1197 non
387 1139 579 1215 teneatur,
593 1125 663 1196 nisi
679 1054 1067 1222 spontdratificaverit.
1082 1121 1217 1197 Sancb.
1231 1121 1324 1222 disp.

243 1250 266 1293 o
295 1247 353 1320 29.
370 1223 478 1297 Azor.
498 1223 583 1297 Fili.
600 1222 627 1296 l.
653 1247 745 1296 roc.
764 1225 786 1316 4
804 1247 840 1323 q.
861 1224 896 1295 3.
910 1224 1001 1296 Con.
1016 1248 1053 1294 n.
1075 1222 1150 1295 150.
1164 1223 1255 1295 Bon.
1269 1223 1324 1295 De
1360 1250 1365 1261 ·

242 1348 266 1392 n
293 1319 400 1395 Matr.
419 1350 455 1422 q.
473 1323 494 1397 3
513 1349 550 1422 p.
567 1328 624 1421 9.)
640 1319 785 1421 Reliqui
804 1322 981 1404 minores,
1001 1345 1193 1421 quoscum
1210 1319 1324 1419 Vasq.
1395 1390 1398 1401 ,

246 1445 269 1488 ιι
295 1418 358 1490 alii
376 1421 648 1493 Sacramentum
672 1445 751 1494 csse
766 1434 927 1518 negant,
947 1419 1010 1492 alii
1032 1444 1118 1494 cum
1137 1416 1214 1491 Bel.
1234 1417 1327 1491 Con.

245 1528 269 1586 ιι
294 1516 379 1590 Fut
401 1533 472 1592 etc.
495 1517 726 1601 communiis
744 1573 753 1608 ,
773 1533 809 1590 et
827 1516 1055 1619 probabilius
1073 1516 1264 1591 affirmant.
1281 1517 1331 1588 Et

191 1660 195 1667 ³
244 1643 268 1707 ι)
296 1615 447 1717 quidem
466 1642 604 1698 unum,
621 1619 676 1691 rei
700 1617 921 1714 perfectione
939 1643 980 1690 ac
1002 1619 1072 1689 tine
1091 1642 1100 1702 ;
1117 1616 1173 1690 vel
1190 1615 1331 1687 unitate

247 1738 266 1783 s
299 1712 563 1790 attributionis.
584 1714 681 1789 Vide
695 1716 767 1789 Fil.
783 1730 870 1814 tr.9
885 1715 921 1788 d.
945 1743 974 1789 1.
990 1716 1083 1788 Bon.
1103 1713 1176 1788 d.8
1194 1739 1231 1812 q.
1255 1740 1286 1786 1.
1305 1743 1324 1778 a

297 1813 409 1904 Quod
434 1814 536 1888 Ordo
560 1815 606 1889 sit
628 1815 924 1906 Sacramentum,
950 1813 1145 1886 definitum
1171 1809 1332 1884 babetur

245 1906 286 1981 in
310 1912 425 1985 Cone.
452 1909 556 1986 Trid.
585 1937 672 1985 sess.
697 1913 756 1987 23.
781 1914 858 1986 Can
876 1914 912 1985 3.
934 1912 1025 1984 nbi:
1047 1908 1179 2008 Siquis
1203 1909 1334 1982 dracii't

248 2006 437 2098 Ordincnif
452 2011 525 2083 εἰνὶ
549 2035 686 2083 sacram
711 2010 998 2100 ordinationem,
1020 2035 1092 2081 non
1116 2034 1197 2081 esse
1222 2007 1331 2095 ocri,

247 2118 286 2175 ci
292 2106 432 2273 prqpii'i
449 2106 712 2221 Sacramentum
731 2111 755 2179 d
771 2107 910 2181 Christo
927 2108 1082 2180 Domino
1099 2105 1330 2180 namnam...

247 2219 337 2275 anai
362 2229 442 2277 cina
456 2221 512 2278 sit.

187 2300 241 2378 &⁵
259 2374 262 2383 ,
298 2302 423 2394 Quaer.
445 2301 536 2421 quid
550 2305 595 2377 sit
611 2300 801 2378 Ordinatio
820 2359 829 2392 ,
846 2319 883 2379 et
899 2304 990 2404 quid
1000 2300 1135 2380 Ordo?
1151 2301 1333 2375 Ordinatio

246 2412 305 2474 est
335 2402 428 2474 actio
457 2402 538 2494 iila,
568 2427 634 2501 per
660 2429 771 2501 quam
800 2429 902 2477 sacra
931 2418 1087 2503 potestas
1118 2388 1331 2474 tribuitur:

204 2566 207 2575 Δ
248 2496 344 2571 Ordo
361 2514 484 2577 autem
499 2500 820 2575 meliusdefinitur
839 2528 925 2575 cum
943 2503 979 2575 S.
997 2501 1069 2574 Tb.
1087 2499 1333 2597 Estsignacu-
1414 2548 1421 2565 .

246 2594 318 2668 lum
336 2598 509 2695 quoddam
528 2598 716 2690 scania,
737 2626 805 2699 quo
831 2599 1019 2698 spiritualis
1036 2613 1197 2696 potestas
1219 2595 1335 2669 iradi-

247 2695 513 2793 incardinato(
533 2696 749 2812 adduntque
771 2698 1018 2773 communiter
1040 2698 1120 2772 DD.
1137 2696 1189 2789 )iu
1210 2695 1333 2768 ordine

247 2791 299 2863 ad
318 2793 593 2879 Eucharistiam.
611 2796 803 2870 Ordinatio
821 2813 943 2889 autem
959 2814 1014 2871 est
1028 2797 1305 2889 Sacramentum
1320 2817 1333 2885 ;

247 2889 349 2964 Ordo
365 2893 451 2969 verb
468 2894 622 2969 effectos
636 2896 873 2983 Sacramenti.

297 2990 442 3064 Dicitur
454 3010 574 3067 autem
593 2993 694 3067 Ordo
709 2993 757 3067 ab
772 2992 903 3067 effectu
917 3052 926 3078 ,
940 3019 1050 3093 quem
1066 3007 1192 3067 causat
1205 3018 1215 3075 3
1231 2989 1335 3064 Ordo

248 3088 349 3161 enirn
370 3092 562 3165 constituit
581 3092 783 3177 ministros,
833 3094 876 3167 ui.
891 3092 1078 3192 duplicem
1103 3088 1333 3190 peculiarem

247 3198 466 3283 potestatem
480 3188 640 3277 babent,
660 3215 772 3263 unam
820 3189 931 3261 rdi'iii's
944 3195 1027 3288 erga
1043 3215 1177 3287 corpus
1193 3188 1335 3265 Christi

246 3274 376 3374 reale,
405 3300 441 3359 ot
460 3286 654 3388 mysticum
681 3287 818 3379 simui,
839 3287 973 3385 nempe
997 3287 1221 3363 conficiendi
1252 3287 1334 3359 Eu·

249 3379 480 3476 charistiam3
503 3401 540 3461 et
568 3384 781 3461 absolvendi
800 3390 818 3459 a
837 3388 994 3486 peccatis
1012 3413 1021 3474 ;
1039 3384 1190 3459 alteram
1211 3385 1332 3457 Junii-

248 3478 411 3573 di'ciionis
429 3490 511 3579 erga
530 3488 664 3583 corpus
683 3485 820 3560 Christi
847 3511 882 3557 m
908 3486 1040 3558 sticum
1059 3484 1213 3581 tantbm.

256 3592 260 3599 '
298 3576 457 3655 Additur
482 3582 578 3658 recte
595 3582 633 3657 in
653 3586 775 3659 ordine
793 3584 843 3657 ad
893 3583 1130 3657 acharisii'am.
1149 3582 1236 3695 quia
1253 3606 1333 3653 om·

247 3676 310 3752 nia
340 3677 409 3752 alia
442 3681 644 3757 ministeria
671 3708 746 3756 non
778 3681 825 3754 ad
856 3678 959 3754 aliud
987 3695 1334 3762 communicantur,

250 3781 362 3876 quim
383 3776 430 3852 ad
442 3776 690 3878 disponendos
709 3780 855 3867 fideles,
880 3796 919 3851 ot
935 3779 1205 3854 Eucharistiam
1223 3774 1336 3874 digne

247 3877 445 3977 recipiant,
464 3879 576 3952 Saim.
599 3877 645 3957 de
665 3880 824 3954 Sacram.
842 3877 935 3952 Ord.
950 3906 985 3951 c.
1005 3906 1016 3951 ι
1040 3904 1074 3949 n.
1096 3880 1132 3950 8.

295 3974 398 4048 Patet
420 3991 555 4065 autem,
573 3976 752 4053 Ordinem
769 4004 846 4059 esse
864 3976 960 4065 rere,
973 3991 1008 4048 et
1032 3972 1183 4073 proprie
1198 3974 1335 4045 Sacra·

243 4089 431 4169 mentum,
446 4077 532 4176 quia
545 4074 776 4157 habenturiu
790 4092 911 4157 cotra
923 4074 1010 4169 illa,
1025 4072 1330 4176 quteSacramen·
