<?xml version="1.0" encoding="UTF-8"?>
<!DOCTYPE html PUBLIC "-//W3C//DTD XHTML 1.0 Transitional//EN"
    "http://www.w3.org/TR/xhtml1/DTD/xhtml1-transitional.dtd">
<html xmlns="http://www.w3.org/1999/xhtml" xml:lang="en" lang="en">
 <head>
  <title>
</title>
<meta http-equiv="Content-Type" content="text/html;charset=utf-8" />
  <meta name='ocr-system' content='tesseract 3.04.00' />
  <meta name='ocr-capabilities' content='ocr_page ocr_carea ocr_par ocr_line ocrx_word'/>
</head>
<body>
  <div class='ocr_page' id='page_1' title='image "./theologiamorali05ligugoog_0043.png"; bbox 0 0 2917 4709; ppageno 0'>
   <div class='ocr_carea' id='block_1_1' title="bbox 217 251 1192 350">
    <p class='ocr_par' dir='ltr' id='par_1_1' title="bbox 217 251 1192 354">
     <span class='ocr_line' id='line_1_1' title="bbox 217 251 1192 350; baseline 0.009 -30"><span class='ocrx_word' id='word_1_1' title='bbox 217 251 297 345; x_wconf 75' lang='lat' dir='ltr'>Gap.</span> <span class='ocrx_word' id='word_1_2' title='bbox 314 254 356 321; x_wconf 83' lang='grc' dir='ltr'>ΙΙ.</span> <span class='ocrx_word' id='word_1_3' title='bbox 374 254 461 320; x_wconf 85' lang='lat' dir='ltr'>Dub.</span> <span class='ocrx_word' id='word_1_4' title='bbox 478 253 536 320; x_wconf 88' lang='lat'>111.</span> <span class='ocrx_word' id='word_1_5' title='bbox 553 252 604 322; x_wconf 88' lang='lat' dir='ltr'>De</span> <span class='ocrx_word' id='word_1_6' title='bbox 619 255 768 323; x_wconf 78' lang='lat' dir='ltr'>Ministro</span> <span class='ocrx_word' id='word_1_7' title='bbox 784 254 881 350; x_wconf 87' lang='lat' dir='ltr'>hujus</span> <span class='ocrx_word' id='word_1_8' title='bbox 895 258 1102 341; x_wconf 75' lang='lat' dir='ltr'>sacramenti.</span> <span class='ocrx_word' id='word_1_9' title='bbox 1146 262 1192 329; x_wconf 77' lang='lat'>55</span> 
     </span>
    </p>
   </div>
   <div class='ocr_carea' id='block_1_2' title="bbox 102 368 1190 569">
    <p class='ocr_par' dir='ltr' id='par_1_2' title="bbox 102 368 1190 569">
     <span class='ocr_line' id='line_1_2' title="bbox 102 368 1190 472; baseline 0.001 -31"><span class='ocrx_word' id='word_1_10' title='bbox 102 393 257 441; x_wconf 72' lang='lat' dir='ltr'>aarum:</span> <span class='ocrx_word' id='word_1_11' title='bbox 277 370 396 468; x_wconf 90' lang='lat' dir='ltr'>primo</span> <span class='ocrx_word' id='word_1_12' title='bbox 412 368 542 455; x_wconf 86' lang='lat' dir='ltr'>modo,</span> <span class='ocrx_word' id='word_1_13' title='bbox 559 394 647 443; x_wconf 90' lang='lat' dir='ltr'>cum</span> <span class='ocrx_word' id='word_1_14' title='bbox 666 374 699 445; x_wconf 86' lang='lat' dir='ltr'>ei</span> <span class='ocrx_word' id='word_1_15' title='bbox 713 371 956 445; x_wconf 82' lang='lat' dir='ltr'>committitur</span> <span class='ocrx_word' id='word_1_16' title='bbox 969 371 1122 472; x_wconf 81' lang='lat' dir='ltr'><strong>aliquod</strong></span> <span class='ocrx_word' id='word_1_17' title='bbox 1136 372 1190 468; x_wconf 84' lang='lat' dir='ltr'>of·</span> 
     </span>
     <span class='ocr_line' id='line_1_3' title="bbox 103 468 1190 569; baseline 0.007 -32"><span class='ocrx_word' id='word_1_18' title='bbox 103 468 249 557; x_wconf 85' lang='lat' dir='ltr'>ficium,</span> <span class='ocrx_word' id='word_1_19' title='bbox 261 470 322 540; x_wconf 90' lang='lat' dir='ltr'>cui</span> <span class='ocrx_word' id='word_1_20' title='bbox 337 494 475 541; x_wconf 83' lang='lat' dir='ltr'><strong>annexa</strong></span> <span class='ocrx_word' id='word_1_21' title='bbox 490 482 545 541; x_wconf 86' lang='lat' dir='ltr'>est</span> <span class='ocrx_word' id='word_1_22' title='bbox 560 469 765 566; x_wconf 87' lang='lat' dir='ltr'>jurisdictio</span> <span class='ocrx_word' id='word_1_23' title='bbox 775 494 785 561; x_wconf 91' lang='lat'>;</span> <span class='ocrx_word' id='word_1_24' title='bbox 797 472 909 569; x_wconf 90' lang='lat' dir='ltr'>idque</span> <span class='ocrx_word' id='word_1_25' title='bbox 921 471 1036 544; x_wconf 87' lang='lat' dir='ltr'>currit</span> <span class='ocrx_word' id='word_1_26' title='bbox 1048 473 1190 545; x_wconf 76' lang='lat' dir='ltr'>etiamsi</span> 
     </span>
    </p>
   </div>
   <div class='ocr_carea' id='block_1_3' title="bbox 56 565 1354 4305">
    <p class='ocr_par' dir='ltr' id='par_1_3' title="bbox 101 565 1354 3121">
     <span class='ocr_line' id='line_1_4' title="bbox 103 565 1190 668; baseline 0.007 -34"><span class='ocrx_word' id='word_1_27' title='bbox 103 565 271 638; x_wconf 85' lang='lat' dir='ltr'>officium</span> <span class='ocrx_word' id='word_1_28' title='bbox 290 592 363 638; x_wconf 90' lang='lat' dir='ltr'>nou</span> <span class='ocrx_word' id='word_1_29' title='bbox 383 567 431 638; x_wconf 87' lang='lat' dir='ltr'>sit</span> <span class='ocrx_word' id='word_1_30' title='bbox 451 570 668 666; x_wconf 89' lang='lat' dir='ltr'>proprium,</span> <span class='ocrx_word' id='word_1_31' title='bbox 690 569 755 641; x_wconf 88' lang='lat' dir='ltr'>sed</span> <span class='ocrx_word' id='word_1_32' title='bbox 774 567 932 658; x_wconf 76' lang='lat' dir='ltr'>vicarii,</span> <span class='ocrx_word' id='word_1_33' title='bbox 953 596 989 644; x_wconf 81' lang='lat' dir='ltr'>r.</span> <span class='ocrx_word' id='word_1_34' title='bbox 1004 597 1054 668; x_wconf 84' lang='lat' dir='ltr'>gr.</span> <span class='ocrx_word' id='word_1_35' title='bbox 1075 569 1190 642; x_wconf 84' lang='lat' dir='ltr'>Vice-</span> 
     </span>
     <span class='ocr_line' id='line_1_5' title="bbox 102 663 1189 765; baseline 0.006 -30"><span class='ocrx_word' id='word_1_36' title='bbox 102 663 265 737; x_wconf 91' lang='lat' dir='ltr'>Parocbi</span> <span class='ocrx_word' id='word_1_37' title='bbox 279 721 288 748; x_wconf 85' lang='lat'><em>‚</em></span> <span class='ocrx_word' id='word_1_38' title='bbox 309 690 373 738; x_wconf 84' lang='lat' dir='ltr'>seu</span> <span class='ocrx_word' id='word_1_39' title='bbox 386 663 666 739; x_wconf 77' lang='lat' dir='ltr'>viee-Rectorts</span> <span class='ocrx_word' id='word_1_40' title='bbox 679 692 745 765; x_wconf 91' lang='lat' dir='ltr'>pro</span> <span class='ocrx_word' id='word_1_41' title='bbox 762 666 928 741; x_wconf 89' lang='lat' dir='ltr'>Parocbo</span> <span class='ocrx_word' id='word_1_42' title='bbox 944 665 1112 754; x_wconf 79' lang='lat' dir='ltr'>absente,</span> <span class='ocrx_word' id='word_1_43' title='bbox 1126 683 1189 741; x_wconf 89' lang='lat' dir='ltr'>aut</span> 
     </span>
     <span class='ocr_line' id='line_1_6' title="bbox 103 761 1190 866; baseline 0.007 -35"><span class='ocrx_word' id='word_1_44' title='bbox 103 787 186 832; x_wconf 91' lang='lat' dir='ltr'>non</span> <span class='ocrx_word' id='word_1_45' title='bbox 214 761 339 836; x_wconf 87' lang='lat' dir='ltr'>adbbc</span> <span class='ocrx_word' id='word_1_46' title='bbox 361 762 555 836; x_wconf 80' lang='lat' dir='ltr'><strong>Sacerdote</strong></span> <span class='ocrx_word' id='word_1_47' title='bbox 584 791 594 833; x_wconf 77' lang='grc' dir='ltr'><strong><em>ε</em></strong></span> <span class='ocrx_word' id='word_1_48' title='bbox 629 762 845 865; x_wconf 75' lang='lat' dir='ltr'>hujusmodi</span> <span class='ocrx_word' id='word_1_49' title='bbox 869 766 1038 838; x_wconf 84' lang='lat' dir='ltr'>Vicarius</span> <span class='ocrx_word' id='word_1_50' title='bbox 1068 781 1190 866; x_wconf 89' lang='lat' dir='ltr'>potest</span> 
     </span>
     <span class='ocr_line' id='line_1_7' title="bbox 102 859 1191 963; baseline 0.006 -32"><span class='ocrx_word' id='word_1_51' title='bbox 102 859 400 955; x_wconf 79' lang='lat' dir='ltr'>jurisdictionem</span> <span class='ocrx_word' id='word_1_52' title='bbox 412 888 516 948; x_wconf 80' lang='lat' dir='ltr'>suam</span> <span class='ocrx_word' id='word_1_53' title='bbox 530 859 769 960; x_wconf 84' lang='lat' dir='ltr'>subdelegare</span> <span class='ocrx_word' id='word_1_54' title='bbox 782 920 790 950; x_wconf 89' lang='lat'><strong>‚</strong></span> <span class='ocrx_word' id='word_1_55' title='bbox 801 890 878 938; x_wconf 88' lang='lat' dir='ltr'>non</span> <span class='ocrx_word' id='word_1_56' title='bbox 889 861 1040 963; x_wconf 81' lang='lat' dir='ltr'>quidem</span> <span class='ocrx_word' id='word_1_57' title='bbox 1051 877 1191 952; x_wconf 82' lang='lat' dir='ltr'>totam,</span> 
     </span>
     <span class='ocr_line' id='line_1_8' title="bbox 101 958 1191 1055; baseline 0.006 -26"><span class='ocrx_word' id='word_1_58' title='bbox 101 958 175 1029; x_wconf 81' lang='lat' dir='ltr'>sed</span> <span class='ocrx_word' id='word_1_59' title='bbox 202 985 269 1055; x_wconf 90' lang='lat' dir='ltr'>pro</span> <span class='ocrx_word' id='word_1_60' title='bbox 288 986 360 1031; x_wconf 90' lang='lat' dir='ltr'>una</span> <span class='ocrx_word' id='word_1_61' title='bbox 383 959 440 1032; x_wconf 85' lang='lat' dir='ltr'>vel</span> <span class='ocrx_word' id='word_1_62' title='bbox 466 960 598 1049; x_wconf 86' lang='lat' dir='ltr'>altera,</span> <span class='ocrx_word' id='word_1_63' title='bbox 616 984 746 1052; x_wconf 82' lang='lat' dir='ltr'>causa,</span> <span class='ocrx_word' id='word_1_64' title='bbox 776 977 819 1035; x_wconf 88' lang='lat' dir='ltr'>ut</span> <span class='ocrx_word' id='word_1_65' title='bbox 842 959 1088 1035; x_wconf 87' lang='lat' dir='ltr'>communiter</span> <span class='ocrx_word' id='word_1_66' title='bbox 1108 962 1191 1036; x_wconf 88' lang='lat' dir='ltr'>DD.</span> 
     </span>
     <span class='ocr_line' id='line_1_9' title="bbox 104 1054 1319 1155; baseline 0.004 -27"><span class='ocrx_word' id='word_1_67' title='bbox 104 1054 267 1144; x_wconf 87' lang='lat' dir='ltr'>docent;</span> <span class='ocrx_word' id='word_1_68' title='bbox 293 1057 379 1155; x_wconf 86' lang='lat' dir='ltr'>quia</span> <span class='ocrx_word' id='word_1_69' title='bbox 402 1071 491 1132; x_wconf 88' lang='lat' dir='ltr'>tunc</span> <span class='ocrx_word' id='word_1_70' title='bbox 511 1085 587 1131; x_wconf 90' lang='lat' dir='ltr'>non</span> <span class='ocrx_word' id='word_1_71' title='bbox 603 1058 747 1132; x_wconf 77' lang='lat' dir='ltr'>tantiam</span> <span class='ocrx_word' id='word_1_72' title='bbox 774 1059 862 1133; x_wconf 89' lang='lat' dir='ltr'>huic</span> <span class='ocrx_word' id='word_1_73' title='bbox 879 1061 1117 1134; x_wconf 84' lang='lat' dir='ltr'>commissum</span> <span class='ocrx_word' id='word_1_74' title='bbox 1136 1069 1192 1136; x_wconf 82' lang='lat' dir='ltr'>eet</span> <span class='ocrx_word' id='word_1_75' title='bbox 1310 1110 1319 1122; x_wconf 46' lang='grc' dir='ltr'><strong>ι</strong></span> 
     </span>
     <span class='ocr_line' id='line_1_10' title="bbox 103 1156 1190 1250; baseline 0.006 -25"><span class='ocrx_word' id='word_1_76' title='bbox 103 1159 322 1228; x_wconf 78' lang='lat' dir='ltr'>exercitium</span> <span class='ocrx_word' id='word_1_77' title='bbox 340 1156 495 1229; x_wconf 91' lang='lat' dir='ltr'>Parocbi</span> <span class='ocrx_word' id='word_1_78' title='bbox 510 1213 520 1250; x_wconf 83' lang='lat'>‚</span> <span class='ocrx_word' id='word_1_79' title='bbox 537 1156 603 1230; x_wconf 87' lang='lat' dir='ltr'>sed</span> <span class='ocrx_word' id='word_1_80' title='bbox 624 1159 734 1231; x_wconf 77' lang='lat' dir='ltr'>etilm</span> <span class='ocrx_word' id='word_1_81' title='bbox 754 1157 912 1232; x_wconf 91' lang='lat' dir='ltr'>Parochi</span> <span class='ocrx_word' id='word_1_82' title='bbox 930 1158 1110 1246; x_wconf 84' lang='lat' dir='ltr'>officium,</span> <span class='ocrx_word' id='word_1_83' title='bbox 1129 1158 1190 1246; x_wconf 77' lang='lat' dir='ltr'>cui</span> 
     </span>
     <span class='ocr_line' id='line_1_11' title="bbox 106 1254 1189 1355; baseline 0.005 -31"><span class='ocrx_word' id='word_1_84' title='bbox 106 1254 290 1348; x_wconf 90' lang='lat' dir='ltr'>competit</span> <span class='ocrx_word' id='word_1_85' title='bbox 308 1279 387 1325; x_wconf 89' lang='lat' dir='ltr'>non</span> <span class='ocrx_word' id='word_1_86' title='bbox 402 1254 501 1327; x_wconf 89' lang='lat' dir='ltr'>solus</span> <span class='ocrx_word' id='word_1_87' title='bbox 527 1281 637 1339; x_wconf 81' lang='lat' dir='ltr'>usus.</span> <span class='ocrx_word' id='word_1_88' title='bbox 656 1257 722 1328; x_wconf 85' lang='lat' dir='ltr'>sed</span> <span class='ocrx_word' id='word_1_89' title='bbox 740 1255 863 1332; x_wconf 82' lang='lat' dir='ltr'>adhbc</span> <span class='ocrx_word' id='word_1_90' title='bbox 880 1256 1059 1354; x_wconf 79' lang='lat' dir='ltr'>delegatio</span> <span class='ocrx_word' id='word_1_91' title='bbox 1076 1260 1189 1355; x_wconf 75' lang='lat' dir='ltr'>juris-</span> 
     </span>
     <span class='ocr_line' id='line_1_12' title="bbox 107 1348 1187 1429; baseline 0.002 -7"><span class='ocrx_word' id='word_1_92' title='bbox 107 1348 295 1426; x_wconf 75' lang='lat' dir='ltr'>dictionis.</span> <span class='ocrx_word' id='word_1_93' title='bbox 316 1353 369 1425; x_wconf 82' lang='lat' dir='ltr'>tu</span> <span class='ocrx_word' id='word_1_94' title='bbox 387 1352 522 1426; x_wconf 87' lang='lat' dir='ltr'>Saucb.</span> <span class='ocrx_word' id='word_1_95' title='bbox 539 1351 588 1428; x_wconf 89' lang='lat' dir='ltr'>de</span> <span class='ocrx_word' id='word_1_96' title='bbox 613 1356 719 1427; x_wconf 87' lang='lat' dir='ltr'>Matr.</span> <span class='ocrx_word' id='word_1_97' title='bbox 746 1354 772 1429; x_wconf 89' lang='lat' dir='ltr'>l.</span> <span class='ocrx_word' id='word_1_98' title='bbox 798 1354 820 1428; x_wconf 88' lang='lat'>3</span> <span class='ocrx_word' id='word_1_99' title='bbox 847 1355 884 1428; x_wconf 90' lang='lat' dir='ltr'>d.</span> <span class='ocrx_word' id='word_1_100' title='bbox 910 1356 952 1429; x_wconf 79' lang='lat'>31</span> <span class='ocrx_word' id='word_1_101' title='bbox 978 1381 1015 1426; x_wconf 90' lang='lat' dir='ltr'>n.</span> <span class='ocrx_word' id='word_1_102' title='bbox 1039 1382 1051 1427; x_wconf 89' lang='lat'>1</span> <span class='ocrx_word' id='word_1_103' title='bbox 1073 1367 1110 1428; x_wconf 87' lang='lat' dir='ltr'>et</span> <span class='ocrx_word' id='word_1_104' title='bbox 1132 1355 1187 1428; x_wconf 72' lang='lat'>15.</span> 
     </span>
     <span class='ocr_line' id='line_1_13' title="bbox 106 1448 1188 1552; baseline 0.006 -33"><span class='ocrx_word' id='word_1_105' title='bbox 106 1475 198 1521; x_wconf 92' lang='lat' dir='ltr'>cum</span> <span class='ocrx_word' id='word_1_106' title='bbox 213 1448 309 1549; x_wconf 79' lang='lat' dir='ltr'>Syl&#39;r.</span> <span class='ocrx_word' id='word_1_107' title='bbox 323 1452 409 1525; x_wconf 86' lang='lat' dir='ltr'>Cor.</span> <span class='ocrx_word' id='word_1_108' title='bbox 424 1454 517 1549; x_wconf 89' lang='lat' dir='ltr'>Lop.</span> <span class='ocrx_word' id='word_1_109' title='bbox 535 1450 632 1527; x_wconf 83' lang='lat' dir='ltr'>Ahb.</span> <span class='ocrx_word' id='word_1_110' title='bbox 648 1468 718 1532; x_wconf 87' lang='lat' dir='ltr'>etc.</span> <span class='ocrx_word' id='word_1_111' title='bbox 735 1456 862 1552; x_wconf 77' lang='lat' dir='ltr'>Lapm.</span> <span class='ocrx_word' id='word_1_112' title='bbox 879 1451 907 1525; x_wconf 86' lang='lat' dir='ltr'>l.</span> <span class='ocrx_word' id='word_1_113' title='bbox 925 1479 960 1525; x_wconf 87' lang='lat' dir='ltr'>c.</span> <span class='ocrx_word' id='word_1_114' title='bbox 979 1478 1015 1524; x_wconf 90' lang='lat' dir='ltr'>n.</span> <span class='ocrx_word' id='word_1_115' title='bbox 1038 1479 1095 1525; x_wconf 89' lang='lat' dir='ltr'>ro.</span> <span class='ocrx_word' id='word_1_116' title='bbox 1111 1450 1188 1525; x_wconf 86' lang='lat' dir='ltr'>Pal.</span> 
     </span>
     <span class='ocr_line' id='line_1_14' title="bbox 105 1543 1190 1650; baseline 0.005 -32"><span class='ocrx_word' id='word_1_117' title='bbox 105 1544 138 1619; x_wconf 88' lang='lat' dir='ltr'>l.</span> <span class='ocrx_word' id='word_1_118' title='bbox 157 1574 190 1622; x_wconf 91' lang='lat' dir='ltr'>c.</span> <span class='ocrx_word' id='word_1_119' title='bbox 214 1576 254 1619; x_wconf 88' lang='lat' dir='ltr'>n.</span> <span class='ocrx_word' id='word_1_120' title='bbox 278 1547 333 1620; x_wconf 87' lang='lat'>16.</span> <span class='ocrx_word' id='word_1_121' title='bbox 355 1574 441 1622; x_wconf 85' lang='lat' dir='ltr'>cunr</span> <span class='ocrx_word' id='word_1_122' title='bbox 459 1551 578 1640; x_wconf 66' lang='lat' dir='ltr'>Henn</span> <span class='ocrx_word' id='word_1_123' title='bbox 594 1564 630 1623; x_wconf 89' lang='lat' dir='ltr'>et</span> <span class='ocrx_word' id='word_1_124' title='bbox 651 1543 755 1637; x_wconf 85' lang='lat' dir='ltr'>aliis,</span> <span class='ocrx_word' id='word_1_125' title='bbox 771 1578 814 1624; x_wconf 87' lang='lat' dir='ltr'>ex</span> <span class='ocrx_word' id='word_1_126' title='bbox 829 1552 874 1624; x_wconf 90' lang='lat' dir='ltr'>D.</span> <span class='ocrx_word' id='word_1_127' title='bbox 890 1550 963 1624; x_wconf 88' lang='lat' dir='ltr'>Tb.</span> <span class='ocrx_word' id='word_1_128' title='bbox 980 1549 1083 1650; x_wconf 91' lang='lat' dir='ltr'>quod</span> <span class='ocrx_word' id='word_1_129' title='bbox 1097 1547 1124 1625; x_wconf 92' lang='lat' dir='ltr'>l.</span> <span class='ocrx_word' id='word_1_130' title='bbox 1145 1578 1190 1650; x_wconf 79' lang='lat'>‚¹²</span> 
     </span>
     <span class='ocr_line' id='line_1_15' title="bbox 105 1644 1192 1744; baseline 0.003 -28"><span class='ocrx_word' id='word_1_131' title='bbox 105 1659 176 1718; x_wconf 85' lang='lat' dir='ltr'>art.</span> <span class='ocrx_word' id='word_1_132' title='bbox 197 1644 238 1718; x_wconf 83' lang='lat'>31</span> <span class='ocrx_word' id='word_1_133' title='bbox 262 1646 326 1719; x_wconf 91' lang='lat' dir='ltr'>ubi</span> <span class='ocrx_word' id='word_1_134' title='bbox 342 1648 413 1744; x_wconf 82' lang='lat' dir='ltr'>ait:</span> <span class='ocrx_word' id='word_1_135' title='bbox 432 1649 469 1720; x_wconf 84' lang='lat' dir='ltr'><em>V</em></span> <span class='ocrx_word' id='word_1_136' title='bbox 464 1647 590 1720; x_wconf 73' lang='lat' dir='ltr'>icor-aits</span> <span class='ocrx_word' id='word_1_137' title='bbox 604 1673 676 1720; x_wconf 82' lang='lat' dir='ltr'>nou</span> <span class='ocrx_word' id='word_1_138' title='bbox 693 1663 811 1743; x_wconf 83' lang='lat' dir='ltr'>potest</span> <span class='ocrx_word' id='word_1_139' title='bbox 826 1666 936 1722; x_wconf 80' lang='lat' dir='ltr'>totam</span> <span class='ocrx_word' id='word_1_140' title='bbox 955 1676 1055 1721; x_wconf 83' lang='lat' dir='ltr'>suom</span> <span class='ocrx_word' id='word_1_141' title='bbox 1069 1664 1192 1742; x_wconf 79' lang='lat' dir='ltr'>potes·</span> 
     </span>
     <span class='ocr_line' id='line_1_16' title="bbox 102 1744 1191 1843; baseline 0.002 -27"><span class='ocrx_word' id='word_1_142' title='bbox 102 1758 216 1816; x_wconf 75' lang='lat' dir='ltr'>tatem</span> <span class='ocrx_word' id='word_1_143' title='bbox 234 1745 487 1818; x_wconf 65' lang='lat' dir='ltr'>communicare</span> <span class='ocrx_word' id='word_1_144' title='bbox 502 1746 598 1831; x_wconf 74' lang='lat' dir='ltr'>„sed</span> <span class='ocrx_word' id='word_1_145' title='bbox 607 1759 728 1843; x_wconf 80' lang='lat' dir='ltr'>potest</span> <span class='ocrx_word' id='word_1_146' title='bbox 737 1762 889 1840; x_wconf 80' lang='lat' dir='ltr'>partem.</span> <span class='ocrx_word' id='word_1_147' title='bbox 918 1744 1088 1819; x_wconf 89' lang='lat' dir='ltr'>Secundo</span> <span class='ocrx_word' id='word_1_148' title='bbox 1107 1772 1191 1820; x_wconf 89' lang='lat' dir='ltr'>mo·</span> 
     </span>
     <span class='ocr_line' id='line_1_17' title="bbox 106 1840 1354 1946; baseline -0.001 -33"><span class='ocrx_word' id='word_1_149' title='bbox 106 1840 183 1929; x_wconf 89' lang='lat' dir='ltr'>do,</span> <span class='ocrx_word' id='word_1_150' title='bbox 202 1868 289 1915; x_wconf 89' lang='lat' dir='ltr'>cum</span> <span class='ocrx_word' id='word_1_151' title='bbox 303 1842 413 1920; x_wconf 83' lang='lat' dir='ltr'>alicui</span> <span class='ocrx_word' id='word_1_152' title='bbox 429 1841 617 1941; x_wconf 81' lang='lat' dir='ltr'>delegatur</span> <span class='ocrx_word' id='word_1_153' title='bbox 632 1869 706 1916; x_wconf 90' lang='lat' dir='ltr'>uon</span> <span class='ocrx_word' id='word_1_154' title='bbox 726 1843 909 1934; x_wconf 86' lang='lat' dir='ltr'>officinm,</span> <span class='ocrx_word' id='word_1_155' title='bbox 928 1844 994 1918; x_wconf 88' lang='lat' dir='ltr'>sed</span> <span class='ocrx_word' id='word_1_156' title='bbox 1017 1843 1192 1946; x_wconf 79' lang='lat' dir='ltr'>jurisdic-</span> <span class='ocrx_word' id='word_1_157' title='bbox 1311 1877 1314 1882; x_wconf 91' lang='lat'><em>·</em></span> <span class='ocrx_word' id='word_1_158' title='bbox 1348 1897 1354 1912; x_wconf 85' lang='lat'><em>.</em></span> 
     </span>
     <span class='ocr_line' id='line_1_18' title="bbox 105 1940 1191 2042; baseline 0.001 -29"><span class='ocrx_word' id='word_1_159' title='bbox 105 1943 160 2014; x_wconf 90' lang='lat' dir='ltr'>tio</span> <span class='ocrx_word' id='word_1_160' title='bbox 174 1997 182 2026; x_wconf 78' lang='grc'>,</span> <span class='ocrx_word' id='word_1_161' title='bbox 204 1941 306 2014; x_wconf 86' lang='lat' dir='ltr'>velbt</span> <span class='ocrx_word' id='word_1_162' title='bbox 325 1941 552 2038; x_wconf 84' lang='lat' dir='ltr'>privilegium</span> <span class='ocrx_word' id='word_1_163' title='bbox 565 1940 745 2042; x_wconf 82' lang='lat' dir='ltr'>perpetub</span> <span class='ocrx_word' id='word_1_164' title='bbox 759 1967 941 2015; x_wconf 86' lang='lat' dir='ltr'>annexum</span> <span class='ocrx_word' id='word_1_165' title='bbox 962 1968 1027 2015; x_wconf 90' lang='lat' dir='ltr'>suo</span> <span class='ocrx_word' id='word_1_166' title='bbox 1048 1941 1191 2029; x_wconf 84' lang='lat' dir='ltr'>officio,</span> 
     </span>
     <span class='ocr_line' id='line_1_19' title="bbox 108 2038 1190 2141; baseline 0.002 -30"><span class='ocrx_word' id='word_1_167' title='bbox 108 2054 175 2111; x_wconf 82' lang='lat' dir='ltr'>aot</span> <span class='ocrx_word' id='word_1_168' title='bbox 192 2038 384 2137; x_wconf 78' lang='lat' dir='ltr'>dignitati:</span> <span class='ocrx_word' id='word_1_169' title='bbox 412 2054 501 2113; x_wconf 92' lang='lat' dir='ltr'>tunc</span> <span class='ocrx_word' id='word_1_170' title='bbox 530 2042 629 2113; x_wconf 87' lang='lat' dir='ltr'>enim</span> <span class='ocrx_word' id='word_1_171' title='bbox 658 2041 738 2113; x_wconf 88' lang='lat' dir='ltr'>talis</span> <span class='ocrx_word' id='word_1_172' title='bbox 768 2041 973 2141; x_wconf 88' lang='lat' dir='ltr'>jurisdictio</span> <span class='ocrx_word' id='word_1_173' title='bbox 1000 2055 1190 2140; x_wconf 87' lang='lat' dir='ltr'>reputatur</span> 
     </span>
     <span class='ocr_line' id='line_1_20' title="bbox 108 2138 1191 2238; baseline -0.002 -26"><span class='ocrx_word' id='word_1_174' title='bbox 108 2143 300 2236; x_wconf 74' lang='lat' dir='ltr'>tamquam</span> <span class='ocrx_word' id='word_1_175' title='bbox 315 2138 516 2227; x_wconf 88' lang='lat' dir='ltr'>ordinaria,</span> <span class='ocrx_word' id='word_1_176' title='bbox 533 2138 645 2238; x_wconf 78' lang='lat' dir='ltr'>proiit</span> <span class='ocrx_word' id='word_1_177' title='bbox 657 2154 712 2213; x_wconf 87' lang='lat' dir='ltr'>est</span> <span class='ocrx_word' id='word_1_178' title='bbox 727 2138 881 2214; x_wconf 80' lang='lat' dir='ltr'>facultas</span> <span class='ocrx_word' id='word_1_179' title='bbox 893 2139 1076 2238; x_wconf 88' lang='lat' dir='ltr'>impertita</span> <span class='ocrx_word' id='word_1_180' title='bbox 1087 2140 1191 2238; x_wconf 89' lang='lat' dir='ltr'>Epis-</span> 
     </span>
     <span class='ocr_line' id='line_1_21' title="bbox 109 2236 1191 2337; baseline 0 -27"><span class='ocrx_word' id='word_1_181' title='bbox 109 2238 215 2337; x_wconf 84' lang='lat' dir='ltr'>copis</span> <span class='ocrx_word' id='word_1_182' title='bbox 233 2242 251 2307; x_wconf 75' lang='lat' dir='ltr'>a</span> <span class='ocrx_word' id='word_1_183' title='bbox 268 2236 486 2310; x_wconf 88' lang='lat' dir='ltr'>Tridentino</span> <span class='ocrx_word' id='word_1_184' title='bbox 505 2238 543 2308; x_wconf 90' lang='lat' dir='ltr'>in</span> <span class='ocrx_word' id='word_1_185' title='bbox 559 2261 592 2308; x_wconf 89' lang='lat' dir='ltr'>c.</span> <span class='ocrx_word' id='word_1_186' title='bbox 607 2238 869 2334; x_wconf 73' lang='lat' dir='ltr'>Liceato&#39;sess.</span> <span class='ocrx_word' id='word_1_187' title='bbox 891 2240 949 2330; x_wconf 66' lang='lat'>24.</span> <span class='ocrx_word' id='word_1_188' title='bbox 967 2238 1105 2310; x_wconf 89' lang='lat' dir='ltr'>Dicunt</span> <span class='ocrx_word' id='word_1_189' title='bbox 1120 2265 1191 2310; x_wconf 90' lang='lat' dir='ltr'>au-</span> 
     </span>
     <span class='ocr_line' id='line_1_22' title="bbox 109 2328 1325 2435; baseline -0.002 -27"><span class='ocrx_word' id='word_1_190' title='bbox 109 2349 189 2408; x_wconf 88' lang='lat' dir='ltr'>tem</span> <span class='ocrx_word' id='word_1_191' title='bbox 201 2332 353 2433; x_wconf 88' lang='lat' dir='ltr'>Rodriq.</span> <span class='ocrx_word' id='word_1_192' title='bbox 370 2349 406 2407; x_wconf 91' lang='lat' dir='ltr'>et</span> <span class='ocrx_word' id='word_1_193' title='bbox 419 2333 510 2407; x_wconf 83' lang='lat' dir='ltr'>Viva</span> <span class='ocrx_word' id='word_1_194' title='bbox 524 2361 561 2434; x_wconf 85' lang='lat' dir='ltr'>q.</span> <span class='ocrx_word' id='word_1_195' title='bbox 576 2340 677 2410; x_wconf 88' lang='lat' dir='ltr'>8art.</span> <span class='ocrx_word' id='word_1_196' title='bbox 696 2363 706 2408; x_wconf 94' lang='grc' dir='ltr'><strong>ι</strong></span> <span class='ocrx_word' id='word_1_197' title='bbox 722 2363 760 2409; x_wconf 84' lang='grc' dir='ltr'>ιι.</span> <span class='ocrx_word' id='word_1_198' title='bbox 777 2339 832 2412; x_wconf 77' lang='lat'>13.</span> <span class='ocrx_word' id='word_1_199' title='bbox 846 2363 931 2409; x_wconf 89' lang='lat' dir='ltr'>cum</span> <span class='ocrx_word' id='word_1_200' title='bbox 944 2336 1033 2408; x_wconf 79' lang='lat' dir='ltr'>Nar.</span> <span class='ocrx_word' id='word_1_201' title='bbox 1044 2335 1191 2435; x_wconf 81' lang='lat' dir='ltr'>Peyrin.</span> <span class='ocrx_word' id='word_1_202' title='bbox 1318 2328 1325 2342; x_wconf 78' lang='grc'><strong><em>’</em></strong></span> 
     </span>
     <span class='ocr_line' id='line_1_23' title="bbox 108 2431 1192 2532; baseline -0.001 -24"><span class='ocrx_word' id='word_1_203' title='bbox 108 2433 144 2508; x_wconf 90' lang='lat' dir='ltr'>N</span> <span class='ocrx_word' id='word_1_204' title='bbox 147 2432 246 2520; x_wconf 86' lang='lat' dir='ltr'>aldo,</span> <span class='ocrx_word' id='word_1_205' title='bbox 254 2432 365 2506; x_wconf 90' lang='lat' dir='ltr'>Bord.</span> <span class='ocrx_word' id='word_1_206' title='bbox 378 2447 448 2506; x_wconf 86' lang='lat' dir='ltr'>etc.</span> <span class='ocrx_word' id='word_1_207' title='bbox 459 2433 572 2532; x_wconf 87' lang='lat' dir='ltr'>quod,</span> <span class='ocrx_word' id='word_1_208' title='bbox 586 2434 617 2505; x_wconf 88' lang='lat' dir='ltr'>si</span> <span class='ocrx_word' id='word_1_209' title='bbox 626 2434 835 2532; x_wconf 85' lang='lat' dir='ltr'>Episcopus</span> <span class='ocrx_word' id='word_1_210' title='bbox 849 2431 1067 2509; x_wconf 82' lang='lat' dir='ltr'>concederet</span> <span class='ocrx_word' id='word_1_211' title='bbox 1080 2432 1192 2507; x_wconf 87' lang='lat' dir='ltr'>alicui</span> 
     </span>
     <span class='ocr_line' id='line_1_24' title="bbox 110 2528 1191 2605; baseline 0.002 -2"><span class='ocrx_word' id='word_1_212' title='bbox 110 2531 343 2605; x_wconf 87' lang='lat' dir='ltr'>Confessario</span> <span class='ocrx_word' id='word_1_213' title='bbox 355 2530 564 2605; x_wconf 87' lang='lat' dir='ltr'>facultatem</span> <span class='ocrx_word' id='word_1_214' title='bbox 578 2528 789 2604; x_wconf 85' lang='lat' dir='ltr'>absolvendi</span> <span class='ocrx_word' id='word_1_215' title='bbox 803 2531 849 2604; x_wconf 92' lang='lat' dir='ltr'>ab</span> <span class='ocrx_word' id='word_1_216' title='bbox 861 2529 1035 2605; x_wconf 88' lang='lat' dir='ltr'>omnibus</span> <span class='ocrx_word' id='word_1_217' title='bbox 1046 2531 1191 2605; x_wconf 88' lang='lat' dir='ltr'>casibus</span> 
     </span>
     <span class='ocr_line' id='line_1_25' title="bbox 111 2627 1270 2727; baseline 0.002 -24"><span class='ocrx_word' id='word_1_218' title='bbox 111 2627 303 2703; x_wconf 83' lang='lat' dir='ltr'>reservatis</span> <span class='ocrx_word' id='word_1_219' title='bbox 320 2686 328 2716; x_wconf 90' lang='lat'>,</span> <span class='ocrx_word' id='word_1_220' title='bbox 347 2644 470 2727; x_wconf 88' lang='lat' dir='ltr'>posset</span> <span class='ocrx_word' id='word_1_221' title='bbox 486 2629 546 2701; x_wconf 90' lang='lat' dir='ltr'>bic</span> <span class='ocrx_word' id='word_1_222' title='bbox 563 2629 814 2704; x_wconf 86' lang='lat' dir='ltr'>Confessarius</span> <span class='ocrx_word' id='word_1_223' title='bbox 829 2628 1068 2725; x_wconf 78' lang='lat' dir='ltr'>subdelegato</span> <span class='ocrx_word' id='word_1_224' title='bbox 1086 2629 1189 2705; x_wconf 88' lang='lat' dir='ltr'>illam</span> <span class='ocrx_word' id='word_1_225' title='bbox 1260 2631 1270 2638; x_wconf 69' lang='grc'><strong>“</strong></span> 
     </span>
     <span class='ocr_line' id='line_1_26' title="bbox 110 2726 1191 2828; baseline 0 -27"><span class='ocrx_word' id='word_1_226' title='bbox 110 2729 325 2802; x_wconf 81' lang='lat' dir='ltr'>facultatem</span> <span class='ocrx_word' id='word_1_227' title='bbox 337 2729 442 2812; x_wconf 83' lang='lat' dir='ltr'>alteri</span> <span class='ocrx_word' id='word_1_228' title='bbox 454 2729 491 2799; x_wconf 91' lang='lat' dir='ltr'>in</span> <span class='ocrx_word' id='word_1_229' title='bbox 503 2726 627 2827; x_wconf 77' lang='lat' dir='ltr'>aliquo</span> <span class='ocrx_word' id='word_1_230' title='bbox 638 2730 853 2828; x_wconf 83' lang='lat' dir='ltr'>particulari</span> <span class='ocrx_word' id='word_1_231' title='bbox 866 2754 952 2802; x_wconf 85' lang='lat' dir='ltr'>casu</span> <span class='ocrx_word' id='word_1_232' title='bbox 966 2726 1051 2809; x_wconf 72' lang='lat' dir='ltr'>rsed</span> <span class='ocrx_word' id='word_1_233' title='bbox 1059 2727 1191 2801; x_wconf 74' lang='lat' dir='ltr'>melius</span> 
     </span>
     <span class='ocr_line' id='line_1_27' title="bbox 110 2823 1190 2925; baseline -0.004 -24"><span class='ocrx_word' id='word_1_234' title='bbox 110 2830 238 2925; x_wconf 83' lang='lat' dir='ltr'>Laym.</span> <span class='ocrx_word' id='word_1_235' title='bbox 255 2843 292 2900; x_wconf 90' lang='lat' dir='ltr'>ct</span> <span class='ocrx_word' id='word_1_236' title='bbox 307 2827 471 2924; x_wconf 84' lang='lat' dir='ltr'>Castrop.</span> <span class='ocrx_word' id='word_1_237' title='bbox 487 2823 578 2900; x_wconf 75' lang='lat' dir='ltr'>locis</span> <span class='ocrx_word' id='word_1_238' title='bbox 594 2852 677 2923; x_wconf 89' lang='lat' dir='ltr'>sup.</span> <span class='ocrx_word' id='word_1_239' title='bbox 696 2827 758 2901; x_wconf 91' lang='lat' dir='ltr'>cit.</span> <span class='ocrx_word' id='word_1_240' title='bbox 779 2854 864 2899; x_wconf 87' lang='lat' dir='ltr'>curn</span> <span class='ocrx_word' id='word_1_241' title='bbox 877 2827 1030 2899; x_wconf 89' lang='lat' dir='ltr'>Coniuc.</span> <span class='ocrx_word' id='word_1_242' title='bbox 1043 2823 1133 2899; x_wconf 88' lang='lat' dir='ltr'>idio</span> <span class='ocrx_word' id='word_1_243' title='bbox 1147 2852 1190 2898; x_wconf 93' lang='lat' dir='ltr'>eo</span> 
     </span>
     <span class='ocr_line' id='line_1_28' title="bbox 109 2923 1192 3022; baseline -0.003 -23"><span class='ocrx_word' id='word_1_244' title='bbox 109 2926 192 2999; x_wconf 81' lang='lat' dir='ltr'>colo</span> <span class='ocrx_word' id='word_1_245' title='bbox 216 2951 302 2999; x_wconf 85' lang='lat' dir='ltr'>casu</span> <span class='ocrx_word' id='word_1_246' title='bbox 327 2925 551 3014; x_wconf 87' lang='lat' dir='ltr'>admittunt,</span> <span class='ocrx_word' id='word_1_247' title='bbox 582 2950 655 3022; x_wconf 91' lang='lat' dir='ltr'>quo</span> <span class='ocrx_word' id='word_1_248' title='bbox 686 2924 766 2998; x_wconf 89' lang='lat' dir='ltr'>talis</span> <span class='ocrx_word' id='word_1_249' title='bbox 796 2924 947 2998; x_wconf 81' lang='lat' dir='ltr'>facultas</span> <span class='ocrx_word' id='word_1_250' title='bbox 976 2923 1192 3003; x_wconf 86' lang='lat' dir='ltr'>conceditur</span> 
     </span>
     <span class='ocr_line' id='line_1_29' title="bbox 110 3021 1193 3121; baseline -0.004 -22"><span class='ocrx_word' id='word_1_251' title='bbox 110 3027 255 3099; x_wconf 87' lang='lat' dir='ltr'>ratione</span> <span class='ocrx_word' id='word_1_252' title='bbox 281 3022 416 3113; x_wconf 86' lang='lat' dir='ltr'>officii,</span> <span class='ocrx_word' id='word_1_253' title='bbox 442 3050 479 3097; x_wconf 82' lang='lat' dir='ltr'>v.</span> <span class='ocrx_word' id='word_1_254' title='bbox 501 3049 533 3121; x_wconf 80' lang='lat' dir='ltr'>g.</span> <span class='ocrx_word' id='word_1_255' title='bbox 559 3023 734 3113; x_wconf 74' lang='lat' dir='ltr'>parochi,</span> <span class='ocrx_word' id='word_1_256' title='bbox 763 3037 826 3093; x_wconf 87' lang='lat' dir='ltr'>ant</span> <span class='ocrx_word' id='word_1_257' title='bbox 851 3021 1193 3108; x_wconf 82' lang='lat' dir='ltr'>Vico-Parochi,ut</span> 
     </span>
    </p>

    <p class='ocr_par' dir='ltr' id='par_1_4' title="bbox 56 3119 1192 3618">
     <span class='ocr_line' id='line_1_30' title="bbox 56 3119 1191 3223; baseline -0.004 -27"><span class='ocrx_word' id='word_1_258' title='bbox 56 3179 60 3186; x_wconf 81' lang='grc'><em>.</em></span> <span class='ocrx_word' id='word_1_259' title='bbox 111 3128 224 3223; x_wconf 74' lang='lat' dir='ltr'>supra</span> <span class='ocrx_word' id='word_1_260' title='bbox 243 3121 385 3197; x_wconf 87' lang='lat' dir='ltr'>dietum</span> <span class='ocrx_word' id='word_1_261' title='bbox 403 3137 458 3194; x_wconf 88' lang='lat' dir='ltr'>est</span> <span class='ocrx_word' id='word_1_262' title='bbox 475 3149 483 3207; x_wconf 90' lang='grc'>;</span> <span class='ocrx_word' id='word_1_263' title='bbox 503 3121 660 3195; x_wconf 85' lang='lat' dir='ltr'>sednon</span> <span class='ocrx_word' id='word_1_264' title='bbox 683 3148 771 3197; x_wconf 91' lang='lat' dir='ltr'>cum</span> <span class='ocrx_word' id='word_1_265' title='bbox 789 3119 943 3204; x_wconf 78' lang='lat' dir='ltr'>facultas</span> <span class='ocrx_word' id='word_1_266' title='bbox 958 3119 1066 3193; x_wconf 90' lang='lat' dir='ltr'>datur</span> <span class='ocrx_word' id='word_1_267' title='bbox 1080 3119 1191 3193; x_wconf 89' lang='lat' dir='ltr'>alicui</span> 
     </span>
     <span class='ocr_line' id='line_1_31' title="bbox 110 3217 1190 3320; baseline -0.003 -25"><span class='ocrx_word' id='word_1_268' title='bbox 110 3225 255 3295; x_wconf 85' lang='lat' dir='ltr'>ratione</span> <span class='ocrx_word' id='word_1_269' title='bbox 282 3221 546 3320; x_wconf 64' lang='lat' dir='ltr'>surrepentia,</span> <span class='ocrx_word' id='word_1_270' title='bbox 576 3234 639 3293; x_wconf 86' lang='lat' dir='ltr'>aut</span> <span class='ocrx_word' id='word_1_271' title='bbox 670 3218 890 3319; x_wconf 88' lang='lat' dir='ltr'>probitatis:</span> <span class='ocrx_word' id='word_1_272' title='bbox 913 3217 1065 3318; x_wconf 82' lang='lat' dir='ltr'>facultas</span> <span class='ocrx_word' id='word_1_273' title='bbox 1091 3220 1190 3292; x_wconf 89' lang='lat' dir='ltr'>enim</span> 
     </span>
     <span class='ocr_line' id='line_1_32' title="bbox 110 3315 1192 3417; baseline -0.003 -24"><span class='ocrx_word' id='word_1_274' title='bbox 110 3319 380 3416; x_wconf 85' lang='lat' dir='ltr'>subdelegaodi</span> <span class='ocrx_word' id='word_1_275' title='bbox 393 3319 536 3393; x_wconf 79' lang='lat' dir='ltr'>tantiam</span> <span class='ocrx_word' id='word_1_276' title='bbox 551 3319 726 3417; x_wconf 84' lang='lat' dir='ltr'>competit:</span> <span class='ocrx_word' id='word_1_277' title='bbox 740 3315 816 3402; x_wconf 87' lang='lat' dir='ltr'>illi,</span> <span class='ocrx_word' id='word_1_278' title='bbox 836 3319 897 3390; x_wconf 91' lang='lat' dir='ltr'>cui</span> <span class='ocrx_word' id='word_1_279' title='bbox 912 3317 1192 3404; x_wconf 61' lang='lat' dir='ltr'>officiumcom÷</span> 
     </span>
     <span class='ocr_line' id='line_1_33' title="bbox 111 3413 1190 3509; baseline -0.004 -16"><span class='ocrx_word' id='word_1_280' title='bbox 111 3419 289 3509; x_wconf 85' lang='lat' dir='ltr'>mittitur,</span> <span class='ocrx_word' id='word_1_281' title='bbox 307 3417 375 3490; x_wconf 84' lang='lat' dir='ltr'>sed</span> <span class='ocrx_word' id='word_1_282' title='bbox 391 3443 465 3491; x_wconf 90' lang='lat' dir='ltr'>non</span> <span class='ocrx_word' id='word_1_283' title='bbox 479 3421 533 3508; x_wconf 75' lang='lat' dir='ltr'>ei;</span> <span class='ocrx_word' id='word_1_284' title='bbox 546 3417 607 3490; x_wconf 90' lang='lat' dir='ltr'>cui</span> <span class='ocrx_word' id='word_1_285' title='bbox 617 3416 864 3490; x_wconf 83' lang='lat' dir='ltr'>committitur</span> <span class='ocrx_word' id='word_1_286' title='bbox 879 3416 979 3489; x_wconf 88' lang='lat' dir='ltr'>solus</span> <span class='ocrx_word' id='word_1_287' title='bbox 993 3442 1096 3507; x_wconf 83' lang='lat' dir='ltr'>usus,</span> <span class='ocrx_word' id='word_1_288' title='bbox 1116 3413 1190 3490; x_wconf 68' lang='lat' dir='ltr'>sire</span> 
     </span>
     <span class='ocr_line' id='line_1_34' title="bbox 110 3515 1130 3618; baseline -0.006 -28"><span class='ocrx_word' id='word_1_289' title='bbox 110 3519 327 3591; x_wconf 82' lang='lat' dir='ltr'>exercitium</span> <span class='ocrx_word' id='word_1_290' title='bbox 346 3515 618 3616; x_wconf 76' lang='lat' dir='ltr'>jurisdictionis.</span> <span class='ocrx_word' id='word_1_291' title='bbox 1110 3585 1130 3618; x_wconf 66' lang='lat' dir='ltr'>a</span> 
     </span>
    </p>

    <p class='ocr_par' dir='ltr' id='par_1_5' title="bbox 102 3610 1249 4205">
     <span class='ocr_line' id='line_1_35' title="bbox 167 3610 1243 3712; baseline 0 -30"><span class='ocrx_word' id='word_1_292' title='bbox 167 3646 187 3682; x_wconf 87' lang='lat'>«</span> <span class='ocrx_word' id='word_1_293' title='bbox 213 3641 247 3688; x_wconf 83' lang='lat'>2.</span> <span class='ocrx_word' id='word_1_294' title='bbox 268 3615 364 3688; x_wconf 88' lang='lat' dir='ltr'>Cum</span> <span class='ocrx_word' id='word_1_295' title='bbox 388 3612 590 3712; x_wconf 77' lang='lat' dir='ltr'>jurisdictio</span> <span class='ocrx_word' id='word_1_296' title='bbox 615 3639 671 3687; x_wconf 88' lang='lat' dir='ltr'>res</span> <span class='ocrx_word' id='word_1_297' title='bbox 701 3615 788 3687; x_wconf 90' lang='lat' dir='ltr'>iciat</span> <span class='ocrx_word' id='word_1_298' title='bbox 808 3610 973 3686; x_wconf 89' lang='lat' dir='ltr'>subditos</span> <span class='ocrx_word' id='word_1_299' title='bbox 998 3669 1007 3697; x_wconf 83' lang='lat'>,</span> <span class='ocrx_word' id='word_1_300' title='bbox 1033 3611 1190 3686; x_wconf 86' lang='lat' dir='ltr'>exerceri</span> <span class='ocrx_word' id='word_1_301' title='bbox 1239 3693 1243 3700; x_wconf 35' lang='grc'><strong>,</strong></span> 
     </span>
     <span class='ocr_line' id='line_1_36' title="bbox 104 3640 1195 3812; baseline -0.001 -29"><span class='ocrx_word' id='word_1_302' title='bbox 104 3746 129 3783; x_wconf 66' lang='lat' dir='ltr'>-u</span> <span class='ocrx_word' id='word_1_303' title='bbox 161 3714 204 3787; x_wconf 92' lang='lat' dir='ltr'>in</span> <span class='ocrx_word' id='word_1_304' title='bbox 228 3739 289 3787; x_wconf 82' lang='lat' dir='ltr'>eos</span> <span class='ocrx_word' id='word_1_305' title='bbox 319 3728 461 3812; x_wconf 78' lang='lat' dir='ltr'>potest,</span> <span class='ocrx_word' id='word_1_306' title='bbox 487 3717 561 3789; x_wconf 72' lang='lat' dir='ltr'>tam</span> <span class='ocrx_word' id='word_1_307' title='bbox 589 3714 608 3783; x_wconf 73' lang='lat' dir='ltr'>a</span> <span class='ocrx_word' id='word_1_308' title='bbox 634 3640 823 3809; x_wconf 79' lang='lat' dir='ltr'>delegato.</span> <span class='ocrx_word' id='word_1_309' title='bbox 846 3707 956 3811; x_wconf 77' lang='lat' dir='ltr'>quam</span> <span class='ocrx_word' id='word_1_310' title='bbox 980 3711 1163 3786; x_wconf 89' lang='lat' dir='ltr'>ordinario</span> <span class='ocrx_word' id='word_1_311' title='bbox 1179 3763 1195 3796; x_wconf 85' lang='lat'>‚.</span> 
     </span>
     <span class='ocr_line' id='line_1_37' title="bbox 102 3809 1188 3912; baseline -0.006 -27"><span class='ocrx_word' id='word_1_312' title='bbox 102 3817 132 3884; x_wconf 75' lang='lat' dir='ltr'>&#39;a</span> <span class='ocrx_word' id='word_1_313' title='bbox 165 3836 404 3912; x_wconf 85' lang='lat' dir='ltr'>quocumque</span> <span class='ocrx_word' id='word_1_314' title='bbox 420 3809 502 3884; x_wconf 87' lang='lat' dir='ltr'>loco</span> <span class='ocrx_word' id='word_1_315' title='bbox 525 3811 656 3894; x_wconf 83' lang='lat' dir='ltr'>fuerit,</span> <span class='ocrx_word' id='word_1_316' title='bbox 687 3826 730 3883; x_wconf 91' lang='lat' dir='ltr'>ut</span> <span class='ocrx_word' id='word_1_317' title='bbox 753 3809 887 3883; x_wconf 89' lang='lat' dir='ltr'>docent</span> <span class='ocrx_word' id='word_1_318' title='bbox 913 3810 1045 3881; x_wconf 85' lang='lat' dir='ltr'>Sanch.</span> <span class='ocrx_word' id='word_1_319' title='bbox 1073 3809 1188 3906; x_wconf 69' lang='lat' dir='ltr'>Henr5</span> 
     </span>
     <span class='ocr_line' id='line_1_38' title="bbox 108 3901 1202 4009; baseline -0.005 -27"><span class='ocrx_word' id='word_1_320' title='bbox 108 3943 133 3982; x_wconf 76' lang='grc' dir='ltr'>ιι</span> <span class='ocrx_word' id='word_1_321' title='bbox 162 3912 296 3983; x_wconf 87' lang='lat' dir='ltr'>Suarcz</span> <span class='ocrx_word' id='word_1_322' title='bbox 315 3914 352 3983; x_wconf 89' lang='lat' dir='ltr'>in</span> <span class='ocrx_word' id='word_1_323' title='bbox 373 3909 395 3982; x_wconf 81' lang='lat'>3</span> <span class='ocrx_word' id='word_1_324' title='bbox 411 3937 449 4009; x_wconf 91' lang='lat' dir='ltr'>p.</span> <span class='ocrx_word' id='word_1_325' title='bbox 470 3924 495 3980; x_wconf 85' lang='lat' dir='ltr'>t.</span> <span class='ocrx_word' id='word_1_326' title='bbox 514 3912 537 4002; x_wconf 73' lang='grc'><em>4</em></span> <span class='ocrx_word' id='word_1_327' title='bbox 556 3908 600 3981; x_wconf 90' lang='lat' dir='ltr'>d.</span> <span class='ocrx_word' id='word_1_328' title='bbox 622 3913 665 3984; x_wconf 80' lang='lat'>28</span> <span class='ocrx_word' id='word_1_329' title='bbox 683 3924 772 3984; x_wconf 81' lang='lat' dir='ltr'>sect.</span> <span class='ocrx_word' id='word_1_330' title='bbox 802 3937 813 3983; x_wconf 88' lang='grc' dir='ltr'><strong>ι</strong></span> <span class='ocrx_word' id='word_1_331' title='bbox 836 3923 868 3981; x_wconf 85' lang='lat' dir='ltr'>et</span> <span class='ocrx_word' id='word_1_332' title='bbox 888 3934 908 4004; x_wconf 90' lang='lat'><strong>7</strong></span> <span class='ocrx_word' id='word_1_333' title='bbox 927 3923 963 3981; x_wconf 89' lang='lat' dir='ltr'>et</span> <span class='ocrx_word' id='word_1_334' title='bbox 981 3901 1202 4004; x_wconf 71' lang='lat' dir='ltr'>alii.&#39;(Sert</span> 
     </span>
     <span class='ocr_line' id='line_1_39' title="bbox 108 4001 1104 4106; baseline -0.006 -24"><span class='ocrx_word' id='word_1_335' title='bbox 108 4041 135 4082; x_wconf 71' lang='lat' dir='ltr'>a</span> <span class='ocrx_word' id='word_1_336' title='bbox 162 4007 269 4080; x_wconf 66' lang='lat' dir='ltr'>hodie</span> <span class='ocrx_word' id='word_1_337' title='bbox 284 4003 353 4081; x_wconf 78' lang='lat' dir='ltr'>tor</span> <span class='ocrx_word' id='word_1_338' title='bbox 367 4006 583 4106; x_wconf 79' lang='lat' dir='ltr'>reprobatum</span> <span class='ocrx_word' id='word_1_339' title='bbox 599 4023 675 4095; x_wconf 84' lang='lat' dir='ltr'>est,</span> <span class='ocrx_word' id='word_1_340' title='bbox 699 4007 774 4079; x_wconf 77' lang='lat' dir='ltr'>ride</span> <span class='ocrx_word' id='word_1_341' title='bbox 791 4007 884 4079; x_wconf 81' lang='lat' dir='ltr'>dicta</span> <span class='ocrx_word' id='word_1_342' title='bbox 903 4032 940 4075; x_wconf 85' lang='lat' dir='ltr'>n.</span> <span class='ocrx_word' id='word_1_343' title='bbox 961 4005 1069 4102; x_wconf 70' lang='lat'><strong>547.)</strong></span> <span class='ocrx_word' id='word_1_344' title='bbox 1087 4001 1104 4038; x_wconf 75' lang='lat'><strong><em>⁴</em></strong></span> 
     </span>
     <span class='ocr_line' id='line_1_40' title="bbox 163 4099 1249 4205; baseline -0.001 -28"><span class='ocrx_word' id='word_1_345' title='bbox 163 4139 183 4171; x_wconf 73' lang='lat' dir='ltr'>a</span> <span class='ocrx_word' id='word_1_346' title='bbox 216 4105 252 4177; x_wconf 83' lang='lat'>3.</span> <span class='ocrx_word' id='word_1_347' title='bbox 285 4104 481 4180; x_wconf 87' lang='lat' dir='ltr'>Probabile</span> <span class='ocrx_word' id='word_1_348' title='bbox 507 4120 590 4192; x_wconf 89' lang='lat' dir='ltr'>est,</span> <span class='ocrx_word' id='word_1_349' title='bbox 621 4104 723 4205; x_wconf 90' lang='lat' dir='ltr'>quod</span> <span class='ocrx_word' id='word_1_350' title='bbox 753 4103 942 4177; x_wconf 87' lang='lat' dir='ltr'>absolutus</span> <span class='ocrx_word' id='word_1_351' title='bbox 968 4103 1007 4172; x_wconf 90' lang='lat' dir='ltr'>in</span> <span class='ocrx_word' id='word_1_352' title='bbox 1039 4099 1249 4197; x_wconf 57' lang='lat' dir='ltr'>articulosa,</span> 
     </span>
    </p>

    <p class='ocr_par' dir='ltr' id='par_1_6' title="bbox 110 4197 1193 4305">
     <span class='ocr_line' id='line_1_41' title="bbox 110 4197 1193 4305; baseline -0.005 -28"><span class='ocrx_word' id='word_1_353' title='bbox 110 4238 135 4277; x_wconf 76' lang='lat' dir='ltr'>a</span> <span class='ocrx_word' id='word_1_354' title='bbox 164 4205 296 4281; x_wconf 77' lang='lat' dir='ltr'>mortis</span> <span class='ocrx_word' id='word_1_355' title='bbox 315 4231 390 4282; x_wconf 88' lang='lat' dir='ltr'>non</span> <span class='ocrx_word' id='word_1_356' title='bbox 410 4219 575 4284; x_wconf 84' lang='lat' dir='ltr'>teneatur</span> <span class='ocrx_word' id='word_1_357' title='bbox 591 4230 630 4280; x_wconf 81' lang='lat' dir='ltr'>re</span> <span class='ocrx_word' id='word_1_358' title='bbox 645 4207 769 4305; x_wconf 75' lang='lat' dir='ltr'>postca</span> <span class='ocrx_word' id='word_1_359' title='bbox 785 4205 910 4277; x_wconf 83' lang='lat' dir='ltr'>sistere</span> <span class='ocrx_word' id='word_1_360' title='bbox 922 4201 1119 4300; x_wconf 83' lang='lat' dir='ltr'>Superiori,</span> <span class='ocrx_word' id='word_1_361' title='bbox 1134 4197 1193 4274; x_wconf 83' lang='lat' dir='ltr'>rel</span> 
     </span>
    </p>
   </div>
   <div class='ocr_carea' id='block_1_4' title="bbox 0 0 1469 4709">
    <p class='ocr_par' dir='ltr' id='par_1_7' title="bbox 0 0 1469 4709">
     <span class='ocr_line' id='line_1_42' title="bbox 0 0 1469 4709; baseline 0 0"><span class='ocrx_word' id='word_1_362' title='bbox 0 0 1469 4709; x_wconf 95' lang='lat' dir='ltr'> </span> 
     </span>
    </p>
   </div>
  </div>
 </body>
</html>
