2917 4709
298 264 359 317 rot
401 246 475 315 tit.
489 240 550 315 vl.
567 233 675 314 Trrct.
691 244 751 315 lv.
770 246 820 314 De
832 242 1037 315 S'a‘crarnento
1051 239 1261 316 Poenit'entin.

295 393 314 429 ι
346 360 507 459 paranda
526 358 717 446 scandata,
739 359 852 432 aiiarc
869 359 1003 431 damna
1018 357 1118 433 iliata
1133 412 1143 444 ,
1158 358 1278 434 autad
1294 380 1380 433 cor·

288 485 329 545 n,
344 457 532 558 ripiendoa
559 457 658 532 deiin
689 471 838 542 uenter,
870 456 1046 531 ‘orandoa
1070 458 1300 557 indigenter,
1326 455 1377 531 ad

266 640 269 644 Α
292 589 317 632 u
344 556 595 631 denuntianda
622 484 757 631 deiicta
781 555 838 630 vel
857 484 1113 656 delinquentes
1136 556 1174 631 in
1191 555 1378 657 praejudi-

293 687 313 725 ι
343 656 443 730 cium
457 658 750 743 communitatis,
765 655 824 729 rel
841 654 1121 730 innocentium:
1137 671 1172 726 et
1191 652 1374 754 deniqui,

285 783 313 823 ὀ
338 758 372 829 -ei
395 778 507 856 quam
534 779 726 827 censuram
750 755 998 842 incurrerint,
1024 769 1094 827 etc.
1111 762 1311 853 teneturea
1325 752 1375 825 de

293 884 315 925 r
344 880 383 928 re
406 878 583 943 monere,
601 869 639 927 et
661 853 798 927 hortari
825 852 873 925 'ad
886 848 1194 942 satisfactionem,
1213 878 1326 952 qaam
1343 853 1378 925 ai

293 983 316 1022 n
344 967 541 1037 recusent,
570 978 702 1051 negare
733 950 1036 1026 absolutionem:
1066 952 1150 1050 quia
1177 950 1316 1051 aiioqui
1337 974 1380 1023 ae

294 1078 314 1118 a
344 1052 509 1148 ipsorum
532 1051 729 1124 criminum
749 1049 990 1150 participem,
1008 1061 1046 1123 et
1063 1047 1244 1148 sacrilegii
1268 1044 1383 1123 renni

294 1176 313 1215 r
344 1151 463 1222 saciet.
482 1152 614 1222 Aversa
633 1160 767 1253 quaest.
788 1148 830 1222 16
843 1161 930 1221 sect.
954 1175 1006 1221 ra.
1026 1177 1043 1212 ι
1209 1242 1213 1251 .

343 1246 412 1320 Hic
431 1246 577 1321 adverte
599 1272 684 1322 cum
705 1246 877 1322 Bucemb.
898 1246 959 1320 oui
981 1242 1217 1320 consentiunt
1240 1245 1381 1343 Sporer

293 1372 331 1417 n.
353 1347 434 1444 798.
453 1360 489 1417 et
504 1347 629 1446 Laym.
650 1372 684 1420 c.
712 1346 753 1421 13
774 1372 810 1419 n.
835 1372 888 1418 ro.
907 1372 993 1418 cum
1017 1346 1177 1419 Suar.'.et
1203 1340 1379 1433 Llamnr,

294 1442 398 1544 quod
417 1442 665 1520 Consecrarina
682 1458 828 1518 tenetur
849 1459 1032 1545 quantum
1050 1457 1168 1542 potent
1185 1441 1231 1514 ad
1251 1442 1382 1541 dis'po·

295 1540 462 1615 nendum
478 1568 590 1616 annm
606 1548 864 1642 poenitentem,
911 1545 946 1615 ui
962 1542 1201 1639 indispositua
1221 1541 1383 1614 accedit.

292 1640 475 1732 Quocirca
496 1641 618 1715 nescio
639 1638 791 1738 quando
808 1645 827 1712 i
846 1568 954 1741 cuipa
977 1641 1142 1714 excusari
1159 1644 1298 1740 possint
1310 1637 1383 1712 de-

209 1822 211 1827 ,
293 1737 388 1812 rides
404 1738 462 1811 iili
476 1738 715 1829 Consesecrii,
734 1739 799 1839 qui
819 1743 942 1812 statim
958 1763 999 1812 ac
1013 1739 1182 1837 noverint
1195 1741 1384 1841 poeniten·

291 1851 368 1909 tem
387 1862 463 1911 non
479 1841 564 1911 ratio
578 1837 818 1938 dispositum,
837 1839 1050 1928 dimittunt,
1066 1835 1170 1909 nulla
1186 1853 1251 1909 aot
1265 1834 1381 1910 valdo

291 1932 442 2008 modica
464 1939 649 2034 praemissa
672 1936 858 2037 diligentie
883 1935 928 2008 ad
945 1962 1029 2008 eum
1050 1934 1269 2009 curandum.
1282 1935 1381 2009 Dico

294 2036 418 2122 enirn,
446 2034 548 2132 qnod
572 2034 820 2109 confessarius
840 2049 984 2108 tenetur
1002 2060 1046 2106 ex
1061 2034 1219 2134 rigoroso
1236 2031 1382 2131 obliga·

294 2131 397 2203 tione
419 2130 603 2205 charitatis
623 2156 708 2205 eum
725 2134 918 2233 disponere
933 2150 1114 2233 quantum
1129 2135 1245 2219 vaiet,
1260 2158 1382 2232 expo·

293 2228 421 2303 nendo
435 2231 506 2328 ipsi
521 2229 787 2304 deformitatem
804 2233 963 2330 peccati,
976 2231 1135 2306 vciorarn
1153 2230 1384 2327 dirioaegra·

293 2329 377 2419 tiae,
397 2329 605 2427 pericuinm
621 2328 888 2415 damnationis,
905 2344 942 2402 et
957 2329 1111 2423 similia,
1127 2333 1267 2405 etitmai
1282 2328 1382 2403 mul·

294 2442 375 2500 tum
392 2430 568 2526 temporis
584 2430 623 2499 in
644 2426 716 2501 boc
734 2427 947 2527 impendere
967 2427 1110 2502 debeat.
1129 2430 1255 2504 Nerei
1278 2454 1380 2504 curae

294 2548 372 2598 esse
387 2523 498 2598 debet
509 2583 517 2611 ,
529 2525 632 2628 quod
645 2525 708 2599 aiii
720 2526 944 2626 poenitentea'
954 2542 1147 2627 expectent
1162 2557 1171 2598 ε
1187 2550 1273 2601 nam
1285 2541 1386 2602 tunc
1456 2552 1457 2587 r

292 2623 1037 2699 Coniecaariuenonteneturattenderaad
1049 2622 1382 2712 bonumaiiorum,
1455 2622 1456 2669 i

294 2720 361 2797 aed
374 2723 518 2797 tantina
532 2728 589 2797 sui
630 2725 834 2813 renitentis,
849 2748 917 2824 pro
934 2749 1008 2823 quo
1022 2723 1167 2798 tantiam
1179 2723 1243 2796 iiio
1259 2740 1349 2798 tunc
1367 2777 1379 2812 ,

297 2846 373 2896 non
390 2820 478 2897 vero
497 2849 564 2920 pro
584 2746 685 2906 aitis,
700 2824 877 2895 rationem
897 2837 951 2897 est
968 2824 1047 2896 Deo
1063 2822 1286 2897 redditurus.

238 2942 291 3016 ρῳ
353 2952 371 2986 α
396 2947 431 3016 7.
450 2923 615 2994 Tenetur
635 2947 787 2995 monere
800 2947 910 3009 eum,
956 2922 993 2993 ni
1014 2947 1057 2995 ex
1074 2923 1279 3022 ignorantia
1292 2920 1381 2993 vin·

299 3046 318 3086 r
345 3017 469 3108 ribili,
494 3034 531 3093 et
561 3020 766 3094 mortaliter
794 2948 971 3121 culpabdi
994 3033 1050 3094 est
1069 3026 1106 3094 in
1134 3019 1231 3094 maio
1257 3033 1380 3106 atatu,

294 3142 314 3184 ι
344 3119 429 3217 quia
446 3116 535 3190 eliis
554 3143 622 3191 nec
639 3119 708 3213 ipai
724 3173 735 3208 ,
754 3140 824 3192 nec
835 3120 1070 3192 sacramento
1088 3118 1273 3209 consulet,
1289 3143 1380 3191 cnm

293 3244 314 3284 u
348 3215 529 3311 poenitens
543 3217 590 3290 rit
609 3213 864 3319 indispositua.
882 3216 919 3289 Si
934 3213 1019 3291 reni
1039 3219 1239 3317 ignorantia
1258 3218 1306 3290 sit
1320 3215 1381 3289 in·

294 3343 314 3380 r
345 3311 550 3399 vincibilis,
576 3339 610 3389 r.
637 3342 688 3412 gr.
707 3316 737 3387 oi
756 3314 853 3388 bont
871 3313 943 3389 iide
967 3329 1087 3392 teneat
1102 3343 1179 3392 rem
1199 3315 1380 3401 alienam,

295 3438 314 3479 ι
346 3413 526 3484 nutritio
552 3414 784 3486 matrimonio
808 3414 931 3504 irrito,
955 3428 1099 3488 tenetur
1150 3414 1277 3488 uidem
1295 3438 1379 3486 mo·

295 3538 317 3582 u
346 3535 455 3594 nere,
479 3525 518 3583 et
536 3512 739 3602 instruere,
766 3511 915 3611 quando
931 3527 1098 3613 speratur
1121 3442 1285 3600 tinctor,
1307 3536 1379 3586 nec

296 3636 317 3677 ι
347 3608 524 3693 timentur
548 3610 783 3684 incommoda
810 3613 970 3711 graviora
993 3640 1005 3682 e
1026 3638 1108 3714 quoe
1124 3614 1154 3687 ai
1176 3611 1381 3711 prudenter

296 3732 315 3774 a
347 3722 583 3794 metuantur,
602 3724 663 3782 aut
680 3708 821 3784 fructur
834 3734 908 3783 nan
922 3720 1109 3811 epotetur,
1125 3723 1378 3799 nontenetur,

297 3833 319 3876 u
348 3804 424 3880 imo
437 3833 511 3881 oon
528 3806 776 3907 potentatu.
789 3807 837 3880 de
848 3810 950 3907 Lago
965 3808 1146 3908 depoenit.
1157 3809 1195 3884 d.
1212 3834 1302 3882 nno.
1318 3808 1377 3902 24.

296 3934 318 3973 n
347 3906 417 3978 nisi
441 3905 631 3979 silentium
654 3905 789 3981 officiat
808 3905 909 3981 bono
933 3909 1141 3995 communi,
1158 3910 1244 4006 quia
1268 3904 1381 3978 debet

294 4024 317 4068 ι
347 4001 487 4077 bonum
508 4004 718 4105 poenitentis
743 4029 963 4101 procurare,
985 4031 1027 4080 ac
1045 4018 1316 4107 consequenter
1334 4003 1379 4076 li-

295 4118 319 4177 θ
347 4099 419 4177 cite
436 4104 546 4180 ctiirn
562 4102 709 4191 suadet,
728 4119 771 4179 ut
786 4103 993 4181 necandum
1009 4128 1115 4181 ruam
1131 4106 1375 4207 ignorantiam
