2917 4709
287 168 369 292 Cap.
384 200 426 268 n.
444 200 532 270 nno.
549 203 577 272 1.
593 205 643 274 De
659 204 862 275 Sacramento
879 180 1023 273 Ordinis.
1132 208 1198 301 269

114 340 138 384 a
165 309 245 385 istic
260 310 435 413 perpetuo
449 313 637 391 habitandi
650 375 658 407 ,
670 320 729 392 vel
741 321 876 392 ratione
892 310 1060 392 beneficii
1078 315 1116 415 in
1131 349 1197 395 sua
1285 324 1288 332 ’

115 439 138 480 a
162 409 313 486 ‚dioecesi
326 414 522 489 existentis.
537 417 641 489 Dian.
658 446 693 518 p.
709 423 732 494 8
746 435 771 491 t.
792 444 812 490 a
831 445 899 491 res.
917 423 951 492 8.
968 420 1090 517 Laym.
1106 423 1197 494 Prae

115 539 135 575 a
165 536 243 607 pos.
259 527 329 585 etc.
351 537 538 586 commun,
557 516 573 550 *
592 517 691 611 (Vol
708 575 715 600 ,
734 517 853 602 adde,
876 518 1015 605 ratione
1036 516 1197 592 familia-

116 637 137 674 »
167 610 281 682 citatis
296 636 359 682 seu
377 609 598 707 famulatus,
620 642 662 687 cx
676 617 777 689 Trid.
798 618 947 691 sess..23
967 644 999 688 c.
1016 641 1041 714 9
1058 616 1102 692 de
1121 644 1197 717 quo

115 735 137 771 a
167 707 248 781 vide
272 708 429 782 dicenda
444 735 480 783 ιι.
529 735 586 812 79
606 716 781 787 Ordrirarts
795 731 909 786 curem
931 740 1003 785 non
1026 716 1198 787 suburam

115 833 139 873 ι)
167 806 244 876 stira
264 808 404 881 urentia
429 737 693 904 sur'drdnart‘,
713 815 937 907 suspenditur
948 838 1158 910 perannum
1175 816 1199 884 d

116 932 140 971 n
166 903 350 976 collatione
369 905 555 995 Ordinem,
572 925 610 982 ut
623 910 771 984 habetur
787 911 823 982 in
842 938 873 984 c.
898 909 1047 1001 Nullus,
1071 927 1107 983 ct
1120 939 1196 1006 cup.

120 1029 141 1070 a
168 1002 245 1073 Eos
261 984 325 1100 qui
335 1057 344 1087 ,
364 1005 408 1076 de
423 1004 455 1075 T
451 1032 542 1101 cnsp.
564 1007 698 1109 ordita.)
710 1013 726 1046 ⁴
744 1013 986 1107 Quocumque
1003 1010 1199 1082 autemho·
1244 1046 1250 1057 ·

116 1129 136 1165 a
168 1125 251 1172 rum
270 1101 466 1176 modorum
491 1107 563 1178 sint
580 1109 743 1201 subditi,
768 1108 867 1183 licite
889 1132 950 1180 eos
972 1108 1115 1180 ordinat
1133 1132 1141 1196 ;
1158 1123 1199 1179 ut
1257 1135 1262 1144 ·

118 1227 141 1268 a
171 1197 327 1275 habetur
344 1203 383 1275 in
407 1229 438 1275 c.
460 1202 545 1275 Cum
562 1208 696 1295 trullus,
711 1212 756 1281 de
772 1226 925 1304 tempora
937 1207 1048 1278 ordin.
1065 1206 1101 1277 in
1121 1209 1145 1280 6
1163 1220 1200 1278 et

117 1325 139 1366 n
168 1321 210 1369 ex
231 1299 442 1385 communi,
462 1301 614 1405 Henriq.
634 1310 731 1381 Less.
749 1307 813 1380 lib.
834 1331 952 1405 acap.
976 1303 1021 1397 34
1041 1304 1079 1376 d.
1101 1330 1153 1403 ¹9·
1174 1337 1193 1374 a
1236 1362 1238 1367 .

168 1396 380 1471 Notandum
404 1412 527 1471 autem
551 1421 603 1476 est
624 1406 651 1478 l.
680 1433 723 1480 ex
742 1405 847 1480 Trid.
877 1431 963 1489 sess.
984 1406 1042 1475 23.
1066 1405 1156 1476 Can.
1175 1420 1255 1502 77⁶¹

119 1487 311 1568 definitum
325 1522 420 1587 esse,
435 1496 532 1571 solos
548 1503 750 1605 Episcopos
763 1530 840 1578 esse
855 1502 1056 1577 ordinarios
1072 1504 1199 1576 Sacra·

103 1588 234 1664 'menti
249 1594 398 1669 Ordinis
415 1597 599 1673 ministros
615 1604 841 1702 zEpiscopus
857 1600 942 1675 vero
955 1599 1200 1675 tantiamelec·

118 1701 201 1775 tus,
232 1707 268 1763 et
288 1695 548 1786 confirmatus,
569 1699 654 1773 licet
678 1704 791 1800 possit
819 1701 983 1799 praebere
1012 1698 1200 1773 licentiam
1264 1702 1268 1710 “

119 1787 304 1877 subditis,
332 1808 372 1864 ut
402 1791 456 1883 ¹ab
483 1793 555 1869 alio
591 1798 776 1900 Episcopo
803 1800 1047 1887 ordinentur,
1071 1802 1201 1898 nequit

38 1981 40 1984 Α
118 1900 241 1960 tamen
254 1889 443 1981 ordinare,
457 1894 525 1965 nisi
537 1896 587 1993 sit
599 1900 708 1972 etiam
727 1914 958 1972 consecratus
971 1922 981 1987 ;
993 1898 1199 1995 Episcopus

116 2000 239 2059 autem
265 2007 496 2067 consecratus
514 1996 653 2069 etiamsi
668 1999 715 2070 sit
740 1996 973 2096 degradatus,
993 2009 1030 2067 et
1045 1995 1200 2092 Episcos

119 2087 221 2182 patui
239 2092 526 2179 renunciaverit,
545 2094 665 2169 aalide
678 2097 848 2170 ordinare
867 2107 1009 2196 potesse
1028 2108 1082 2165 est
1098 2117 1200 2166 com·

119 2208 337 2259 munecum
365 2190 411 2260 D.
438 2190 511 2263 Th.
541 2218 582 2265 sn
612 2193 663 2294 pl.
698 2222 733 2295 q.
755 2197 776 2270 3
802 2222 852 2268 ar.
877 2219 909 2266 a.
930 2192 1040 2267 Salm.
1061 2217 1095 2265 c.
1118 2194 1198 2285 411.

124 2280 179 2355 13.
204 2286 245 2377 ¹4
263 2299 299 2356 et
323 2287 376 2367 ¹5·
392 2289 462 2362 Sed
480 2290 543 2363 hlc
585 2220 669 2366 lura
684 2309 770 2369 sunt
785 2289 1029 2367 discutienda.

169 2382 291 2473 Quaer.
327 2411 338 2457 ι
369 2412 415 2458 an
445 2321 610 2464 Pontifix
632 2396 747 2495 possit
769 2391 933 2489 praehere
956 2386 1116 2487 simplici
1141 2388 1266 2479 Sa-:oa‘

119 2478 260 2551 cerdoti
291 2481 502 2561 facultatem
526 2491 739 2564 conserendi
765 2487 954 2565 Ordines?
981 2489 1197 2585 Distingue:

120 2577 224 2744 guod
241 2579 420 2669 Tonsura,
437 2605 473 2659 et
491 2587 647 2661 Ordines
672 2594 833 2662 minores
848 2594 868 2662 a
885 2585 1052 2689 quolibet
1071 2588 1200 2658 Sacer-

149 2695 209 2746 ote
231 2678 392 2781 conferri
415 2686 555 2781 possint
577 2712 618 2759 ex
637 2692 893 2761 commissione
913 2685 1099 2759 Pontificio
1117 2740 1126 2770 ,
1144 2699 1200 2758 est

121 2779 329 2847 communia
353 2803 438 2852 cum
456 2783 493 2853 S.
511 2782 579 2858 Th.
594 2784 706 2875 'Soto,
726 2785 858 2861 Sanch.
880 2785 975 2859 Vide
994 2782 1103 2856 satm.
1122 2808 1155 2856 c.
1174 2786 1199 2875 4

119 2896 158 2942 ιι.
184 2895 236 2970 ι9.
254 2870 396 2973 Negant
426 2892 547 2951 tamen
578 2880 648 2956 hoc
671 2888 915 2958 communiter
936 2884 982 2956 de
1008 2879 1201 2979 Presbyte-

117 2984 230 3058 Jatu,
249 2978 438 3077 tamquam
456 2977 505 3050 de
523 2979 724 3055 ministerio
752 2983 1076 3067 excellentissimo,
1094 2983 1157 3077 qui
1176 2983 1198 3055 l

36 3151 41 3162 ‚
118 3067 197 3142 solo
215 3072 386 3171 Principe
404 3075 578 3152 Ecclesiae
597 3106 808 3179 supremam
826 3081 1035 3157 facultatem
1052 3076 1198 3150 haben-

118 3180 178 3253 te,
201 3169 311 3268 proiit
336 3186 391 3246 cst
409 3175 637 3346 Episcopus,
657 3180 767 3254 debet
783 3181 975 3280 impertiri.
998 3181 1050 3254 lu
1067 3179 1105 3249 S.
1124 3176 1198 3251 Th.

120 3263 160 3337 d.
182 3293 217 3365 q,
236 3269 283 3341 38
302 3297 353 3344 ar.
384 3298 398 3345 1
424 3299 466 3348 ac
493 3277 542 3348 Pa
560 3303 648 3369 aus,
676 3280 811 3353 Aversa
826 3336 835 3365 ,
849 3280 883 3353 N
887 3302 962 3353 uun
982 3275 1198 3351 ctGranad.

119 3388 208 3436 cum
224 3365 338 3439 Salm.
358 3394 396 3442 ιι.
422 3374 478 3447 25.
505 3397 633 3449 contra
649 3377 783 3457 Escob.
805 3405 843 3452 n.
861 3379 942 3451 228.
961 3402 1047 3450 cum
1065 3376 1198 3449 innoc.

117 3457 182 3534 IV.
199 3462 312 3562 Vasq.
326 3466 434 3563 angl.
451 3472 561 3549 Hurt.
577 3490 648 3551 etc.
665 3478 727 3575 qui
747 3478 896 3562 dicunt,
916 3473 1010 3549 nihil
1028 3472 1196 3559 obstare,

121 3560 212 3657 quin
226 3562 322 3659 Papa
333 3569 447 3661 possit
463 3572 625 3671 simplici
638 3576 824 3650 Sacerdoti
839 3575 1046 3651 facultatem
1061 3572 1202 3645 tribue-¹

119 3682 160 3731 re
180 3655 374 3734 ordinandi
390 3668 499 3740 etilm
514 3670 726 3748 Sacerdotes
742 3701 751 3766 ;
768 3692 805 3749 et
824 3676 980 3775 probant
995 3697 1039 3744 ex
1056 3669 1196 3743 Conci-

120 3754 172 3828 lio
183 3755 354 3833 Antioch.
366 3762 455 3835 Can.
474 3791 515 3839 ιο
528 3767 611 3860 ubi,
630 3788 711 3869 post
741 3780 823 3847 uam
837 3776 975 3850 dictum
993 3768 1082 3856 fuit,
1097 3767 1198 3841 Cho·

120 3855 328 3955 repiscopos
344 3885 451 3958 posse
475 3864 643 3941 ordinare
661 3801 934 3958 Snidiaconom
952 3871 1072 3942 statim
1090 3864 1195 3937 addi-

120 3966 181 4025 tur
196 3978 205 4042 ;
220 3952 300 4028 Nec
324 3957 566 4060 Presbytrnrrn
583 3970 679 4055 rard,
697 3998 810 4070 neque
826 3972 1024 4045 Diaconum
1041 3964 1198 4037 audeant

117 4049 292 4146 ordinare,
305 4073 436 4160 preter
442 4062 693 4142 reuerentiam
703 4069 892 4170 Episcopi,
910 4065 1023 4157 idest,
1038 4063 1121 4164 lP⁸⁰
1136 4063 1193 4163 lt·
1277 4176 1284 4192 ,
