2917 4709
281 238 323 305 40
387 240 459 308 Lib.
477 242 536 310 Vl.
553 243 662 312 t'raet.
679 244 739 314 lv.
758 245 809 311 De
821 245 1028 313 Sacramenta
1043 243 1259 332 Paenitentia.

281 349 380 424 recti
393 358 412 425 a
427 355 631 429 venialibus
647 412 655 442 ,
674 373 711 430 et
724 355 903 431 indirecte
922 354 1186 430 imortalibus.
1205 347 1278 423 Sed
1290 347 1368 447 opi·t

282 450 344 522 nio
366 451 459 540 illa,
482 454 585 552 quod
607 456 798 529 Confessio
814 456 1016 530 venialium
1037 455 1139 555 apud
1158 447 1366 546 simplicem

282 548 510 624 Sacerdotem
524 556 571 625 sit
583 553 719 642 salida,
736 580 806 628 nec
821 559 927 646 etiam
943 571 999 629 est
1013 569 1135 640 certa,
1152 564 1193 624 ut
1207 546 1364 620 diximus

239 652 246 664 '
280 673 320 718 n.
342 649 412 746 537
431 650 531 723 uadi
558 676 626 726 nec
651 655 761 726 etiam
779 651 856 727 boeo
875 656 964 725 ratio
984 654 1181 726 convincit.
1204 647 1310 718 Ratio
1332 643 1365 714 3.

281 747 549 844 quin-Ecclesia
568 751 717 850 supplet
729 753 1020 853 jurisdictionem
1044 777 1087 824 ex
1106 742 1367 823 ratihabitione

281 847 329 915 de
341 851 532 944 praesenti,
550 872 636 921 cum
650 848 768 925 rideat
781 854 831 925 sic
844 852 1091 925 communiter
1105 841 1322 945 practicen,
1332 854 1367 912 et

281 942 330 1014 ob
351 943 489 1016 bonum
513 949 715 1021 animarum
738 950 879 1024 annuit.
900 951 1003 1024 llatio
1028 953 1064 1042 4.
1087 963 1123 1019 et
1177 945 1272 1015 otior
1292 953 1366 1022 est·

282 1043 368 1138 quia
384 1047 422 1117 in
436 1042 600 1121 Ecclesia
614 1047 718 1121 adest
736 1047 948 1132 universalis
960 974 1191 1121 consuetudo
1205 1037 1281 1112 lere
1296 1063 1368 1108 om-

279 1148 383 1212 nium
412 1143 731 1230 Confessariorum
758 1146 974 1221 absolvendi
1000 1171 1086 1219 cum
1113 1139 1368 1241 jurisdictione

279 1238 482 1336 probabili,
505 1258 549 1313 ut
563 1257 746 1321 testantur
759 1249 1006 1321 communiter
1025 1246 1127 1316 Suar.
1154 1240 1192 1312 d.
1214 1263 1259 1335 27
1277 1248 1366 1308 sect

280 1341 304 1428 4
324 1364 360 1411 ιι.
384 1364 417 1435 7.
432 1343 535 1438 Lugo
553 1341 590 1423 d,
616 1369 708 1443 1911,
727 1346 786 1422 31.
806 1344 914 1418 Card.
928 1371 967 1416 n.
989 1345 1072 1416 166.
1087 1341 1238 1436 Arriaga
1254 1334 1292 1407 d.
1307 1334 1377 1429 39:

280 1449 370 1507 sect.
395 1439 430 1510 5.
448 1440 565 1512 Diana
578 1467 613 1541 p.
633 1445 716 1515 dtr.
736 1468 770 1514 2.
789 1445 830 1516 R.
848 1445 883 1522 il.
898 1442 1007 1518 Croix
1019 1441 1049 1516 l.
1061 1467 1094 1514 c.
1108 1456 1146 1513 et
1161 1460 1292 1510 omnes
1309 1433 1368 1504 alii

279 1537 357 1605 ΛΑ.
371 1537 469 1609 citnti
483 1563 550 1634 pro
563 1539 630 1611 hac
643 1540 805 1615 secunda
815 1545 1002 1615 sententis.
1018 1538 1366 1612 Communisaotem

276 1637 459 1705 cantantia
473 1637 675 1712 Doctorum
699 1639 831 1716 fundat
851 1641 1027 1713 moralem
1046 1632 1308 1710 certitudinem
1323 1628 1367 1698 de

281 1732 426 1829 praelata
436 1736 861 1830 consuetudine3etlieet
873 1738 1045 1814 contrarii
1055 1733 1368 1828 illicitumputent

281 1830 471 1904 absolvere
492 1857 578 1907 cum
610 1837 860 1933 jurisdictione
885 1836 1090 1935 probabili,
1115 1827 1369 1933 proeecindunt

282 1944 439 2016 tamen,
468 1957 537 2004 nec
569 1951 726 2033 possunt
757 1937 889 2033 negare
928 1936 1023 2007 hanc
1059 1927 1367 2006 consuetudinem

283 2028 431 2116 edesse,
453 2030 581 2103 satiem
593 2034 692 2131 apud
710 2052 849 2133 partem
865 2035 976 2130 longe
990 2038 1167 2132 majorem
1177 2027 1368 2101 Connssa-

281 2128 435 2198 riorum.
459 2129 579 2201 Posita
596 2130 706 2227 igitirr
723 2147 764 2205 ut
780 2149 876 2208 certa
900 2134 966 2203 liae
982 2130 1276 2209 consuetudine,
1292 2146 1367 2195 cet·
1393 2143 1396 2150 ⁴

222 2303 233 2333 ·
282 2238 364 2294 tona
386 2241 465 2304 est.
491 2226 633 2301 licitum
660 2254 739 2302 esse
759 2232 1033 2304 Sacramentum
1056 2232 1264 2301 ministrare
1283 2246 1367 2293 cum

282 2322 534 2419 jurisdictione
560 2327 765 2424 probabili,
785 2357 869 2404 cum
899 2330 976 2428 ipsa
1003 2326 1234 2402 consuetudo
1261 2322 1369 2419 juris-

284 2421 484 2495 dictionem
510 2426 693 2524 pracbeat,
745 2428 829 2502 roirt
846 2429 983 2502 docent
1001 2429 1102 2500 Suar.
1130 2440 1157 2499 t.
1229 2422 1275 2494 de
1292 2417 1366 2492 net.

268 2533 310 2604 ,t
335 2521 398 2594 81.
426 2547 447 2594 2
471 2548 505 2597 c.
528 2548 553 2622 9
577 2551 616 2597 n.
643 2519 677 2598 3.
735 2513 1367 2623 ar.Comnrent.adeBegul.n.65

284 2618 348 2690 uhi
367 2624 441 2690 ait:
459 2621 569 2694 Hanc
575 2623 855 2721 jurisdictionem
871 2651 1000 2725 magna
1017 2651 1067 2697 ex
1078 2637 1184 2720 purte
1200 2618 1368 2692 introduc·

284 2734 357 2789 tam
377 2719 433 2788 vel
443 2734 584 2790 auctam
597 2746 677 2793 esse
692 2723 942 2799 consuetudine
960 2780 969 2806 ,
989 2747 1064 2821 quc
1077 2719 1267 2794 remeabat
1281 2717 1369 2788 den·

261 2838 267 2851 ·
284 2816 325 2886 di
328 2816 603 2912 surridr‘ctr'onam
618 2843 631 2901 ,·
648 2820 757 2898 Burb.
772 2821 816 2894 de
823 2838 943 2921 potest
956 2826 1028 2919 Ep.
1046 2845 1090 2920 p,
1111 2847 1123 2893 ι
1143 2823 1201 2893 tit.
1218 2822 1242 2912 4
1261 2843 1296 2888 ιι.
1311 2812 1369 2886 36.

285 2913 509 2987 Carden.'n.
542 2917 623 2989 161.
653 2918 840 3010 Quaranta
866 2924 906 2993 in
934 2945 1069 2993 summ.
1099 2917 1241 2993 Bullar.
1269 2911 1367 2986 verb.

284 3012 460 3111 Arcbiep.
473 3020 683 3102 Auctoritas
697 3044 729 3093 v.
744 3020 789 3093 25
802 3018 956 3095 Pellint
984 3034 1071 3094 atr,
1093 3045 1132 3090 ιο
1149 3044 1182 3090 c.
1204 3041 1244 3089 ro
1261 3015 1367 3105 nala.

284 3111 402 3210 Irlque
431 3113 589 3211 probant
614 3141 657 3188 ex
676 3141 759 3218 cap.
787 3119 992 3215 Contingat.
1012 3117 1066 3188 De
1085 3117 1114 3188 F
1116 3142 1180 3189 oro
1202 3114 1370 3209 Compet,

286 3209 350 3282 obi
369 3209 504 3285 dieitur
522 3241 531 3283 ε
550 3212 593 3282 N
593 3212 639 3285 iri
641 3214 744 3309 sorte
761 3215 820 3304 bi,
838 3216 958 3315 quibus
974 3214 1213 3312 delinquentes
1228 3212 1298 3311 ipsi
1307 3210 1369 3279 dc·

285 3308 456 3394 serviunt,
473 3337 522 3382 ecc
536 3311 750 3410 indulgentia
762 3370 770 3398 ,
782 3315 838 3386 vel
848 3312 1253 3412 consuetuditespecr'ali
1261 3308 1369 3402 juris·

284 3406 471 3480 dr'ctr'onem
482 3407 688 3483 huiusmodi
700 3411 916 3483 valeantsr‘br
934 3410 1122 3484 vindicare.
1141 3411 1216 3484 Ubi
1240 3409 1368 3480 Glossa

285 3505 360 3576 ait:
385 3506 490 3605 Quod
504 3508 720 3581 consuetudo
746 3514 808 3580 det
827 3508 1116 3605 Jerisdictzbnem.
1143 3508 1221 3582 Nec
1251 3505 1370 3579 obstat

284 3606 394 3704 Prop.
428 3631 438 3676 r
467 3604 658 3695 damnata,
682 3611 820 3682 etenim
839 3605 1064 3709 respondent
1086 3608 1177 3678 Viva
1194 3633 1230 3705 q.
1246 3609 1369 3679 eam

286 3731 322 3776 n.
347 3729 379 3774 n.
396 3716 432 3774 ct
451 3703 633 3801 Wigandt
651 3720 705 3779 tr.
736 3705 777 3778 13
801 3733 836 3780 n.
865 3732 917 3800 io.
938 3732 1023 3778 cum
1039 3706 1180 3791 Gonet,
1198 3699 1370 3799 Proposi-

254 3823 260 3832 ·
285 3803 336 3874 tio
358 3802 525 3901 loquitur
544 3803 590 3876 de
612 3804 850 3903 opinionibut
873 3788 968 3877 circi
998 3830 1038 3875 ea
1062 3807 1100 3877 in
1123 3802 1260 3903 quibos
1277 3793 1369 3872 nihil

287 3916 408 3997 potest
434 3901 626 3990 Ecclesia,
656 3901 752 3976 idest
782 3905 876 3976 circis
903 3907 1117 3984 materiam,
1137 3917 1174 3974 et
1191 3903 1368 3977 formam,

197 4051 202 4060 .
288 4025 362 4070 non
389 3997 475 4071 verb
491 4000 594 4073 ciret
614 4001 928 4099 jurisdictionem,
948 4027 1030 4101 qnae
1046 3999 1091 4073 ab
1107 4001 1272 4073 Ecclesia
1289 4019 1368 4090 sup·

289 4095 381 4197 pleri
409 4112 548 4198 potest,
565 4114 603 4175 et
626 4099 816 4176 moraliter
835 4100 937 4176 certo
962 4102 1196 4202 presumitur
1219 4092 1372 4197 supple·
