2917 4709
255 256 337 350 Cap.
353 258 396 324 11.
412 253 501 324 Dub.
511 257 546 324 l.
562 257 613 324 De
628 254 832 325 Sacramento
847 254 991 326 Ordinis.
1100 254 1168 324 255
1226 344 1229 347 Ι

57 408 62 421 ·
85 367 195 443 nullo
211 369 348 464 judicio
361 370 666 468 deprehenditur,
680 350 883 443 Ecclesiam
902 365 1098 440 instituisse
1117 367 1165 439 ri·

87 483 171 541 tum
190 468 320 554 illum,
341 485 382 542 ut
401 472 591 542 materiam
610 470 848 540 necessariam
863 468 974 565 hujus
988 465 1165 538 Ordinis:

87 570 163 666 jam
172 570 280 640 enim
299 567 447 656 dicunt,
465 592 530 665 per
548 566 782 639 traditionem
804 567 927 639 calicis
943 622 952 655 ,
970 566 1005 637 e't
1024 578 1166 665 patenae

88 664 314 739 sufficienter
339 667 535 763 significari
559 665 802 737 ministerium
829 666 1055 764 praeoipuum
1080 661 1170 734 Sub·

89 761 266 849 diaconi,
292 763 468 837 nimirirm
496 762 728 836 ministrandi
754 760 917 836 Diacono
943 787 1101 862 panem,
1132 764 1177 831 et

89 864 218 933 vinum
243 861 430 953 oblatum,
449 876 489 936 ut
507 860 693 935 Sacerdoti
712 861 842 936 tradat.
867 863 932 935 His
954 877 1073 932 tamen
1093 884 1170 931 non

88 959 346 1051 obstantibus,
361 986 493 1036 censeo
511 986 597 1034 cum
614 960 725 1034 Croix
743 987 779 1033 n.
797 963 893 1057 2149
909 961 947 1033 in
967 960 1067 1058 praxi
1082 983 1171 1030 sen·
1257 1027 1263 1038 ,

89 1064 265 1145 tentiam,
281 1058 414 1159 nempb
433 1057 532 1160 quod
549 1063 624 1132 tam
640 1058 789 1132 traditio
804 1056 948 1142 calicis,
992 1061 1076 1129 uim
1094 1070 1172 1129 tra·

91 1154 183 1230 ditio
196 1156 280 1231 libri
299 1157 546 1258 Epistolarum
563 1159 610 1230 sit
628 1159 776 1230 materia
794 1157 955 1255 proxima
967 1085 1175 1228 luhdiacoa

88 1253 453 1356 natits,sequendam
468 1281 545 1331 esse
565 1257 691 1355 utpote
711 1283 785 1329 non
802 1253 1098 1351 improbabilem.
1309 1324 1312 1331 ,

138 1352 341 1429 Dubitatur
354 1380 387 1446 2,
401 1382 448 1428 an
463 1358 567 1438 calix,
581 1371 617 1429 et
630 1369 762 1455 patena
776 1357 812 1426 in
832 1353 1073 1426 Ordinatione
1086 1351 1173 1426 Sub·
1183 1376 1230 1446 tle

90 1447 243 1525 diaconi
269 1453 427 1527 debeant
458 1479 536 1528 esse
568 1453 925 1527 consecratalNulli
952 1449 1108 1524 dubium
1131 1480 1175 1527 ex

91 1551 310 1625 necessitate
327 1553 497 1652 praecepti
517 1552 606 1637 ,sed
624 1566 758 1720 nepant
774 1551 881 1624 Dian.
892 1552 972 1624 Bon
1005 1551 1117 1623 Henr.
1132 1578 1177 1626 ex

93 1653 312 1723 necessitate
325 1651 548 1724 Sacramenti
566 1649 612 1722 ad
630 1675 672 1722 va
691 1676 812 1735 orem,
828 1649 891 1721 sed
918 1649 1178 1724 affirmandum

94 1773 178 1820 cum
199 1746 275 1823 Pal.
286 1746 525 1847 DicasaSylv.
536 1763 572 1820 et
585 1747 695 1821 Salm.
708 1748 775 1821 c.3
791 1772 827 1821 n.
841 1773 898 1836 22,
909 1751 994 1847 quia
1011 1749 1179 1821 ministe-

91 1847 196 1918 rium
214 1845 435 1920 subdiaconi
452 1861 572 1920 totum
588 1861 643 1918 est
656 1848 752 1920 circa
766 1870 873 1935 vasa,
893 1862 928 1916 et
945 1844 1027 1918 ideo
1044 1846 1180 1919 debent

93 1969 170 2017 esse
189 1945 338 2045 proprii
358 1944 610 2019 Ecclesiastico
624 1948 635 2035 ,'
650 1944 722 2019 sive
739 1968 859 2027 sacra,
876 1942 923 2016 ad
937 1943 1181 2018 differentiam

94 2044 305 2117 Sacerdotis
325 2044 514 2130 initiandi,
537 2048 642 2141 majas
659 2044 923 2130 ministerium,
938 2068 1024 2115 cum
1039 2068 1114 2115 non
1134 2044 1183 2116 sit

95 2143 200 2216 circa
214 2168 299 2214 vasa
316 2197 326 2229 ,
343 2168 418 2214 non
439 2142 662 2242 requiritur,
684 2156 726 2237 ut
745 2167 823 2213 rasa
853 2143 927 2213 sint
949 2138 1156 2215 consecrata
1158 2198 1183 2263 ἃ

100 2239 355 2338 probtteneut
371 2241 480 2313 Salm.
503 2240 594 2314 ibid.
617 2265 702 2313 cum
727 2240 859 2313 Dicast.
882 2242 932 2312 Et
951 2239 1023 2312 boc
1046 2238 1181 2313 Tamb.

102 2364 188 2436 cap.
200 2342 229 2411 3·
234 2339 266 2436 §
281 2337 402 2412 adicit
410 2364 487 2412 esse
497 2338 684 2413 moraliter
696 2354 848 2411 certum.
862 2336 932 2410 Sed
949 2338 1035 2411 huic
1052 2340 1186 2437 paritet

102 2437 438 2511 contradicitCroix
452 2465 489 2511 n.
508 2438 695 2512 215ocum
704 2437 781 2510 Pal.
800 2437 925 2509 Dicast
937 2436 1187 2537 Sylrest.quo·

102 2538 386 2608 rum-sententia
403 2539 442 2608 in
462 2540 562 2632 praxi
582 2540 691 2635 etiam
706 2560 743 2609 se
773 2536 893 2607 uenda
907 2533 1063 2609 ridetur.

154 2634 212 2704 Ex
232 2633 339 2705 dictis
356 2636 541 2732 sequitur,
553 2661 688 2707 munus
707 2635 756 2707 Su
787 2633 935 2706 diaconi
953 2652 1030 2706 esse
1044 2631 1188 2709 tradere

106 2730 275 2805 Diacono
288 2730 452 2820 cilicem,
467 2748 503 2803 et
521 2748 687 2830 patenam
702 2757 712 2824 ;
726 2732 815 2804 item
828 2758 961 2831 panem
974 2788 982 2817 ,
997 2745 1030 2803 et
1045 2735 1187 2817 vinum,

108 2830 303 2927 tamquam
321 2826 524 2900 oblationes
544 2830 695 2930 populi,
716 2844 937 2928 praesentare
948 2856 962 2927 p·
976 2830 1109 2903 deinde
1125 2856 1190 2903 ca·

110 2924 431 2999 neresolemniter
448 2927 678 3026 Epistolam,
701 2928 812 3000 etiam
829 2927 969 3001 deferre
981 2953 1136 3009 ,crucem
1151 2932 1192 3002 in

111 3023 424 3125 processionibus.
906 3060 909 3069 λ

162 3126 222 3195 An
238 3139 535 3222 autempeocent
548 3125 700 3224 graviter
719 3121 943 3197 Subdiaconi
959 3181 967 3210 ,
989 3139 1024 3197 et
1039 3125 1192 3199 Diaconi

113 3219 329 3296 solemniter
348 3220 596 3295 ministrantes
613 3223 650 3294 iu
677 3221 850 3296 mortali?
867 3223 1110 3298 probabiliter
1124 3251 1194 3299 ne-

115 3335 220 3420 gatur
248 3347 334 3394 curn
363 3320 463 3394 Vall.
498 3319 591 3394 Vill.
624 3321 766 3397 March.
794 3323 903 3394 Dian.
929 3336 965 3395 et
991 3322 1195 3400 Salm.o.3

116 3445 157 3491 n.
177 3420 233 3512 ²4·
245 3417 484 3500 contraalios,
499 3423 583 3519 quia
599 3444 719 3521 neque
734 3444 809 3494 rem
821 3446 959 3492 sacram
975 3424 1197 3513 conficiunt,

118 3540 242 3615 neque
269 3518 496 3616 operationes
525 3518 707 3608 efficiunt,
740 3544 823 3619 quae
849 3545 892 3592 ex
917 3524 1026 3619 op'ere
1049 3537 1197 3621 operato

9 3682 10 3713 3
61 3637 67 3661 ¹
119 3613 314 3688 conferant
327 3616 500 3713 gratiam,
517 3620 575 3689 cui
598 3619 666 3715 ipsi
683 3616 826 3690 obicem
842 3646 907 3717 per
924 3634 1112 3715 peceatum
1132 3646 1200 3719 po·

9 3728 12 3809 l
120 3726 213 3787 nant
235 3737 245 3802 3
269 3710 491 3813 peccabunt
509 3728 627 3787 tameo
652 3715 781 3789 saltim
806 3716 1005 3791 venialiter.
1032 3718 1128 3791 Vide
1154 3718 1201 3789 de

121 3812 195 3886 hoc
216 3828 357 3911 puncto
373 3809 452 3884 fuse
470 3808 569 3885 dicta
583 3813 629 3886 de
644 3816 804 3887 Sacram.
825 3818 862 3886 in
884 3842 966 3913 gen.
983 3843 1019 3889 n.
1036 3817 1094 3889 38.

173 3912 295 4001 Qoaer.
316 3908 362 3981 Il.
386 3911 564 4002 Quaenam
583 3912 630 3983 sit
646 3915 816 3998 materia,
836 3927 871 3986 et
889 3915 1003 3986 forma
1023 3914 1198 3987 Diacona·
1213 3949 1261 4020 74⁸

125 4004 186 4078 tim
197 4007 211 4077 l
224 4008 347 4079 Prima
364 4009 543 4081 sententia
561 4009 662 4097 dicit,
677 4038 753 4083 esse
769 4010 884 4084 solam
896 4010 1131 4085 traditionem
1145 4013 1204 4086 Li·

127 4101 187 4179 bri
205 4104 491 4214 Erangeliorum
508 4163 520 4212 ,
539 4132 625 4189 cum
641 4134 707 4186 sua
723 4110 843 4189 forma
862 4138 871 4180 =
893 4110 1024 4209 Accipe
1045 4109 1207 4213 Spintum
1279 4186 1281 4189 .
