2917 4709
206 177 273 253 958
316 181 387 248 Lib.
402 178 580 249 timna.
596 176 1200 265 V.DeExtrena-Unet.‚et0rrha.
1303 258 1307 265 ¹

210 298 282 379 cit,
306 299 346 368 in
361 291 601 367 Ordinatione
628 289 831 390 Presbyteri
856 289 1045 388 duplicem
1069 316 1146 363 esse
1173 301 1291 362 mate«

211 392 304 465 riam
324 389 572 477 essentialem,
598 386 731 485 nempe
759 387 989 461 traditionem
1018 389 1286 461 instrumento·

211 516 318 577 rum,
364 492 409 562 ut
430 490 584 563 traditur
598 502 755 587 potestas
772 513 883 587 super
903 513 1036 585 corpus
1050 486 1184 560 Christi
1209 513 1288 560 rea·

211 586 272 677 le,
297 517 436 661 sciiicot
461 586 716 671 sacrificandi,
737 612 823 658 cum
841 586 977 670 forma,
995 586 1124 682 Accipe
1133 601 1288 681 potesta·

210 699 280 758 tem
293 679 359 761 etc.
378 700 418 758 ut
433 691 561 786 supra3
576 699 612 757 et
624 685 893 783 impositionem
912 710 1114 771 manuum,
1133 687 1203 783 qud
1214 699 1287 756 tra·

212 782 314 857 ditor
336 798 492 884 potestas
516 809 626 881 super
643 808 776 883 corpus
800 783 934 855 Christi
954 783 1173 883 mysticum,
1192 780 1287 854 idest

213 879 1286 979 absolvenditpeccatiscumforma:AccipeSpiritumsorrc·

211 995 284 1052 mm
300 1035 308 1056 .
325 1005 466 1076 quomm
479 978 681 1050 remiseritis
692 996 838 1075 peccota
848 1035 859 1063 ,
871 977 1087 1051 remittuntur
1101 978 1162 1049 eis.
1175 976 1286 1069 Quod

212 1080 421 1176 requiratur
434 1077 579 1149 traditio
594 1074 922 1149 instrumentorum
948 1102 1034 1148 cum
1057 1073 1172 1148 forma
1186 1131 1194 1157 ‚
1209 1077 1286 1147 Ac-

213 1173 288 1272 cipe
300 1190 508 1272 potestatem
523 1192 588 1247 etc.
639 1175 769 1248 robaut
782 1200 824 1247 ex
836 1168 990 1246 Decreta
1008 1174 1161 1267 Eugenii
1177 1177 1287 1274 sopri

213 1270 355 1359 relato,
386 1284 423 1345 et
443 1297 486 1345 ex
503 1272 548 1346 D.
576 1202 649 1347 Tii.
681 1301 716 1375 q.
747 1274 791 1368 37
818 1287 882 1344 art.
899 1272 924 1347 ’5
942 1270 1004 1343 obi
1021 1271 1135 1344 dicit:
1151 1271 1289 1369 Inrpsa

213 1369 356 1465 datione
384 1370 502 1444 calicis
526 1370 590 1442 sub
596 1370 726 1467 forma
755 1369 926 1440 verborum
948 1370 1179 1454 determinata
1201 1368 1289 1440 eho-

213 1484 327 1540 rocter
338 1469 566 1541 sacerdotalis
582 1470 793 1564 imprimitur.
814 1468 925 1561 Quod
942 1483 1063 1540 autem
1082 1468 1291 1564 requiratur

215 1565 323 1637 eriam
347 1569 398 1639 im
425 1569 530 1640 ositio
552 1593 752 1656 manuum,
770 1564 929 1665 probant
947 1592 989 1638 ex
1011 1567 1196 1660 Scriptura
1212 1568 1290 1638 Ac-

214 1676 287 1735 tor.
315 1664 368 1736 13.
391 1592 498 1757 iulii
515 1666 690 1738 dicuutur
706 1665 862 1754 Paulus,
882 1680 918 1736 at
931 1664 1115 1736 Barnabas
1130 1662 1290 1736 ordinati

213 1760 327 1833 fuisse
351 1763 560 1837 Sacerdotes
573 1790 646 1863 per
669 1764 949 1863 impositionem
971 1764 1147 1863 mannum
1164 1790 1172 1829 :
1188 1763 1299 1841 tune,
1350 1770 1358 1791 ¹

203 1858 439 1957 jejunantes,
457 1876 492 1932 ct
512 1878 650 1933 orontes
669 1863 954 1958 imponentesque
970 1862 1022 1929 eis
1041 1883 1167 1930 neonus
1185 1858 1291 1930 dr'rai·

216 1972 339 2027 serunt
357 1958 449 2047 illas.
471 1959 520 2030 Et
546 1958 646 2057 quod
670 1958 786 2032 forma
812 1959 926 2057 hujus
948 1957 1191 2057 impositionis
1216 1983 1292 2029 ma·
1409 1988 1414 2003 ·

216 2077 338 2126 nuum
364 2059 437 2128 siut
459 2054 595 2140 verba,
620 2057 748 2152 Accipe
770 2058 928 2155 spritium
943 2074 1102 2128 sanctum
1121 2071 1185 2129 etc.
1203 2082 1291 2154 pro·

217 2149 328 2223 hatur
343 2178 385 2226 ex
400 2152 526 2227 eodem
544 2152 709 2226 Trident.
725 2181 811 2226 sess.
828 2153 871 2226 23
887 2154 974 2226 Can.
991 2156 1029 2247 4,
1048 2153 1110 2225 uhi
1126 2153 1291 2227 deciara-

112 2292 121 2319 ι
217 2262 292 2334 tur,
307 2275 370 2346 per
381 2277 520 2324 sacram
534 2251 809 2326 ordinationem
826 2253 903 2324 dari
915 2254 1091 2349 Spiritum
1103 2270 1291 2343 sanctum,
1315 2260 1320 2269 '

219 2373 290 2420 nec
298 2349 431 2436 irustrd
440 2351 649 2448 Episcopum
662 2348 794 2423 dicere:
808 2352 937 2447 Accipe
948 2349 1108 2448 Spr'rr'rum
1116 2367 1288 2422 sanctum.

218 2444 354 2532 Unde,
373 2474 459 2520 curn
478 2450 514 2520 in
532 2447 765 2547 impositione
780 2475 956 2521 manuum
976 2448 1111 2520 dicitur
1124 2446 1169 2519 ab
1186 2448 1292 2545 Epis·
1337 2492 1345 2504 ·

221 2570 342 2642 copo:
369 2546 498 2644 Accipe
521 2543 680 2642 Spiritum
703 2564 863 2618 sanctam
897 2563 960 2618 cte.
989 2561 1076 2620 tuno
1100 2548 1296 2645 perficitur·¹

223 2643 524 2737 Sarmentum,
543 2662 579 2717 et
592 2650 670 2742 ejus
714 2647 800 2716 ratia
815 2644 1014 2717 confertur.
1134 2722 1138 2731 Δ

275 2739 389 2813 Tertia
418 2741 502 2827 veri>
531 2671 759 2842 probabiiior
789 2744 996 2827 sententia,
1025 2750 1139 2840 quam'
1164 2754 1294 2816 teuent

221 2836 358 2911 Joeoin
378 2855 404 2913 t.
425 2864 445 2938 7
465 2869 545 2939 pag.
562 2843 644 2941 589.
661 2843 823 2915 Conciua
837 2854 886 2912 to.
910 2865 950 2913 ιο
964 2867 1046 2940 pag,
1064 2841 1105 2912 31
1130 2866 1165 2911 ιι.
1178 2842 1212 2932 4.
1227 2842 1293 2912 Pe·

220 2942 359 3013 trocor.
373 2954 400 3011 t.
418 2941 441 3031 4
462 2966 497 3039 p.
517 2939 583 3011 232
598 2966 683 3011 cum
697 2941 732 3012 S.
746 2941 880 3021 Beonav.
895 2952 931 3010 et
942 2936 1079 3012 Arcud.
1094 2938 1290 3010 ac'Tourn.

220 3044 272 3106 to.
297 3062 336 3106 ro
355 3064 400 3136 pa
429 3094 437 3109 .
454 3041 523 3110 218
540 3063 625 3109 cum
641 3041 820 3122 Murteae,
837 3038 999 3124 Becaoo,
1013 3035 1187 3109 Meuardo
1200 3092 1208 3122 ,
1222 3048 1295 3108 etc.>

223 3130 326 3222 dicit,
344 3064 437 3207 osii
454 3134 648 3234 utramque
663 3150 874 3233 potestatem
886 3135 1072 3209 Sacerdoti
1087 3136 1295 3207 sacrificau-

219 3228 287 3337 Ιὀί,
312 3250 347 3304 et
371 3231 582 3305 absolvendi
602 3260 665 3330 per
682 3234 798 3306 solam
812 3218 1012 3306 secundam
1029 3259 1207 3306 manuum
1220 3233 1295 3305 irn-

219 3331 454 3499 positiooem.
483 3332 624 3404 Dicitur
647 3334 860 3418 secundam,
883 3358 967 3404 narn
988 3332 1026 3403 in
1051 3331 1294 3406 Ordinatione

258 3428 428 3524 resbyteri
451 3430 656 3529 Episcopus
677 3446 731 3504 ter
756 3442 885 3519 mauus
904 3431 937 3503 ei
963 3431 1144 3529 imponit:
1163 3426 1290 3503 Primi)

222 3526 375 3692 parando
394 3553 524 3600 manus
539 3528 701 3603 extendit
719 3529 809 3602 nihil
827 3528 951 3615 dicens
967 3559 976 3599 :
994 3527 1164 3613 Secundo
1180 3554 1296 3641 quan·

253 3623 274 3696 ὸ
292 3632 362 3697 unt
376 3652 460 3697 cum
472 3625 694 3727 Presbyteris
710 3628 873 3702 extendit
891 3654 1019 3700 manus
1030 3654 1139 3727 super
1151 3627 1302 3698 initian-

225 3717 315 3814 dos,
342 3740 379 3797 et
404 3724 526 3799 suadit
544 3750 690 3824 preces:
707 3726 831 3799 Tertio
848 3724 996 3825 quando
1015 3740 1097 3827 post
1113 3725 1294 3797 Commu-

225 3823 373 3897 nionem
398 3822 514 3896 dicit:
535 3822 665 3917 Accipe
691 3821 857 3919 Spr'rr‘tum'
873 3840 1053 3909 sanctum,
1072 3839 1135 3895 cte.
1161 3822 1300 3897 Dicunt

223 3921 353 4020 igitur,
374 3937 568 4022 utramque
584 3934 795 4020 potestatem
815 3921 930 4008 tradi,
950 3950 1025 3996 non
1043 3924 1082 4011 in
1097 3924 1240 4022 prima(
1255 3934 1299 3994 ut

217 4037 367 4135 eertum
385 4035 439 4096 est
451 4018 552 4123 apud
565 4020 738 4127 ornnes)2
756 4022 928 4124 usquein
944 4023 1070 4116 tertia;
1089 4048 1175 4096 nam
1191 4021 1297 4141 teriia

923 4162 980 4240 ,Α
1046 4204 1065 4233 ¹·
