2917 4709
196 201 261 270 530
424 202 497 270 Lib.
517 198 573 271 VI.
590 203 698 272 Tract.
711 198 771 273 vl.
783 200 833 272 Dc
847 152 1069 277 iietrimonio.

192 387 201 401 ,
245 311 318 386 Sed
335 311 427 412 quid
438 313 656 401 dicendum,
673 317 703 387 si
722 314 997 390 Matrimonium
1015 316 1182 389 contrahi
1200 343 1282 418 pos·

192 416 341 485 setsinc
361 412 504 487 famuliae
523 411 721 501 dedecore,
735 412 869 529 nempe
883 417 912 487 si
929 413 986 487 dis
1014 416 1120 487 oritas
1141 440 1214 488 non
1233 417 1280 490 sit

195 513 235 585 in
253 509 463 593 nobilitate,
487 512 552 583 sed
571 511 712 587 tantirm
736 512 965 587 in'drvitiisi
987 442 1045 587 ilo
1063 540 1149 588 casu
1168 570 1178 604 ,
1204 514 1280 589 duo

196 614 255 701 (ot
276 612 313 681 in
338 610 517 709 principio
543 610 715 705 diximus)
735 613 915 709 Doctores
930 624 1095 685 asserunt
1112 641 1121 684 :
1139 611 1279 710 primo,

198 707 298 805 qood
317 733 393 801 per
420 733 458 780 sc
483 722 646 782 tenentur
669 712 883 807 promittens
910 710 957 783 ad
981 712 1279 800 Matrimonium

175 804 381 893 'secondo,
399 804 501 906 qood
522 830 593 881 non
610 822 800 897 teneatur,
818 808 894 881 imo
907 836 980 881 non
1002 811 1116 907 possit
1159 810 1282 881 comit·

197 916 277 975 tens
295 905 569 979 Matrimonium
593 904 836 998 contrahere,
858 909 891 978 si
907 906 999 979 adsit
1019 836 1219 1005 probeiiiis
1233 907 1282 979 ti·
1357 942 1363 951 ’

197 1008 419 1103 mormngni
433 1005 577 1087 damni,
593 1003 649 1077 vei
673 1005 749 1076 odii
766 1005 930 1101 capitalis
947 1009 1042 1078 inter
1063 1007 1283 1103 consangui-

198 1126 297 1174 neos.
313 1103 364 1174 to
380 1102 624 1175 communiter
636 1102 770 1176 Sonch.
788 1101 833 1174 de
852 1106 957 1178 Matr.
978 1104 1002 1175 Ι.
1026 1132 1037 1176 ι
1060 1106 1105 1178 D.
1126 1106 1168 1196 ¹4
1190 1130 1227 1175 n.
1253 1118 1283 1176 ι’.

197 1221 281 1271 cum
299 1199 387 1274 Mol.
403 1200 559 1274 etCord.
573 1203 709 1275 Bonae.
721 1201 766 1272 de
779 1201 884 1275 Mntr.
898 1230 933 1302 q.
951 1229 962 1275 ι
985 1230 1018 1301 p.
1041 1229 1061 1274 2
1079 1228 1117 1273 ιι.
1134 1227 1169 1275 2.
1182 1205 1283 1287 Lens,

197 1295 225 1368 l.
246 1324 265 1367 o
285 1323 319 1368 c.
345 1298 435 1371 ιδιι.
452 1323 485 1394 9.
511 1300 633 1396 Laym.
657 1298 703 1370 de
723 1324 847 1397 spone.
870 1327 907 1398 p.
934 1328 945 1373 1
970 1326 1008 1372 ιι.
1034 1302 1094 1393 24.
1115 1301 1220 1397 Spor.
1238 1300 1284 1372 dc

198 1396 304 1470 Matr.
321 1421 354 1470 c.
370 1397 441 1470 3n.
465 1398 540 1495 189.
554 1396 667 1470 sarm.
685 1396 729 1468 de
743 1399 846 1470 Matr.
861 1423 892 1471 c.
913 1425 923 1470 ι
944 1422 978 1470 n.
998 1400 1056 1470 82.
1074 1418 1160 1471 cum
1175 1398 1282 1470 Azor.
1326 1470 1331 1475 .

196 1493 288 1571 Vita
307 1495 393 1566 dict.
420 1520 458 1566 n.
483 1516 515 1591 7.
538 1511 573 1568 ct
596 1496 688 1567 aiiis.
711 1496 813 1568 Ratio
837 1500 963 1595 primae
988 1499 1121 1595 partis,
1140 1492 1286 1593 'nempe

200 1591 301 1688 qood
314 1618 469 1695 sponsos
483 1593 1002 1682 tenentoradMatrimonium‘,
1017 1609 1082 1680 est,
1100 1594 1183 1692 quia
1200 1616 1285 1690 pro·
1371 1673 1380 1683 ‚

197 1691 372 1774 mittens,
394 1690 479 1763 iicet
497 1688 699 1790 peccaverit
714 1693 895 1787 ejusmodi
918 1689 1107 1790 prodigam
1125 1692 1286 1791 promis·

198 1789 339 1863 sionem
354 1789 512 1880 faciens,
529 1807 649 1863 tomen
662 1806 808 1863 tenetur
819 1789 867 1863 ad
880 1790 984 1863 iliam
996 1848 1007 1875 ,
1021 1793 1105 1885 quio
1121 1789 1288 1888 promisit

201 1886 302 1986 quod
315 1913 422 1960 suom
439 1905 491 1961 est
510 1904 568 1975 ,et
586 1915 670 1961 cum
694 1894 770 1988 jam
785 1893 967 1986 cognitam
992 1886 1163 1962 habuerit
1184 1910 1288 1961 suam

200 1987 390 2061 meliorem
412 1986 685 2071 conditionem,
705 2001 874 2060 censetor
887 2010 1074 2060 excessum
1089 1986 1197 2059 iilum
1221 1986 1289 2059 do·

200 2087 307 2157 nisse
322 2107 332 2174 3
350 2085 455 2184 prodi
482 2113 500 2157 a
528 2090 627 2158 enim
655 2086 847 2181 promissio
870 2094 934 2181 (ot
959 2081 1107 2178 dicunt)
1127 2087 1290 2183 quinovit

199 2180 328 2256 illicite
347 2186 408 2255 tint
421 2239 428 2266 ,
444 2113 535 2255 ticio
554 2198 674 2255 tomen
689 2239 696 2264 ,
711 2198 745 2255 et
761 2180 806 2256 ab
822 2182 937 2256 altero
950 2196 1135 2280 acceptato
1148 2237 1157 2268 ,
1172 2181 1265 2254 vaiet
1280 2238 1291 2273 ,

201 2293 239 2394 et
252 2280 509 2377 obligationem
527 2280 632 2383 parit.
651 2282 728 2354 iioc
742 2297 797 2353 est
809 2295 928 2354 totum
941 2279 1225 2354 fundamentum
1244 2282 1292 2353 is·

206 2392 278 2452 tros
295 2382 495 2453 sententie.
604 2398 607 2405 ·
948 2463 955 2472 ,

250 2477 344 2550 Cum
366 2495 485 2551 autem
506 2477 598 2550 ratio
618 2477 699 2552 haec
719 2475 913 2575 pendenti
933 2478 1157 2578 quoestione,
1177 2475 1293 2549 nimi·

201 2572 298 2660 riim,
311 2602 355 2647 ari
371 2577 559 2673 promissio
575 2575 724 2673 prodigo
735 2590 919 2676 acceptata
935 2576 1083 2674 obliget,
1097 2572 1177 2647 hee
1193 2574 1293 2668 priii's

203 2671 267 2747 hic
285 2674 513 2749 discutienda
526 2689 593 2747 est.
607 2672 754 2748 Adsunt
766 2677 803 2746 in
817 2702 856 2746 ea
873 2690 945 2748 tres
960 2674 1158 2748 sententioe.
1171 2664 1295 2745 Prima

203 2775 381 2846 sententia
405 2789 526 2862 tenet,
543 2799 624 2846 eam
643 2772 804 2869 obligare
821 2772 867 2845 ad
888 2789 1031 2863 totum,
1051 2772 1147 2845 hanc
1165 2762 1295 2845 tenent

202 2873 295 2970 Lug.
316 2871 362 2946 de
379 2874 460 2946 Just
493 2874 537 2947 D.
560 2873 652 2944 1811.
670 2869 880 2947 6r.Sench.
898 2871 969 2944 i.c.
990 2901 1026 2944 n.
1044 2871 1200 2943 5.Croix
1214 2868 1243 2941 l.
1261 2870 1297 2944 3.

204 2996 241 3071 p.
259 2994 279 3041 2
298 2998 332 3042 ιι.
350 2973 433 3069 795.
457 2972 562 3140 Spor.
590 2967 641 3042 de
656 2971 762 3044 Matr.
782 2996 816 3044 c.
841 2973 862 3045 3
885 2997 923 3042 ιι.
951 2972 1028 3137 ipit.
1048 2965 1135 3042 Fiil.
1160 2983 1186 3041 t.
1212 2966 1296 3040 21).

207 3091 291 3165 ²7¹·
315 3073 400 3140 item
414 3070 472 3140 Mo
493 3125 501 3141 .
520 3071 634 3163 Caiet.
648 3082 684 3140 et
698 3067 782 3142 Vei.
805 3070 969 3168 opsono
984 3096 1008 3140 ι.
1025 3069 1062 3140 in
1078 3067 1168 3139 Dec.
1186 3066 1211 3139 i.
1229 3067 1249 3139 3
1264 3091 1298 3139 c.

244 3192 280 3235 n.
299 3189 353 3263 27.
371 3170 433 3264 qui
453 3170 560 3239 etiim
578 3167 663 3239 huic
680 3171 871 3240 sententiae
885 3166 1047 3240 inclinat.
1066 3166 1169 3263 Retio
1185 3221 1194 3253 ,
1213 3165 1300 3262 quin

205 3190 294 3339 ficet
312 3264 504 3362 promissio
520 3265 628 3338 fuerit
646 3264 741 3338 iacta
756 3288 840 3338 cum
857 3280 1028 3364 peccato,
1047 3281 1168 3337 tomen
1184 3318 1194 3347 ,
1213 3286 1301 3336 cum

207 3363 261 3446 is,
281 3362 343 3434 cui
360 3360 451 3436 facia
468 3380 520 3434 est
542 3364 753 3462 promissio,
773 3373 847 3463 jam
860 3364 1070 3463 acquisierit
1083 3367 1141 3462 jos
1161 3358 1300 3434 adrem

208 3461 448 3563 promissam,
475 3454 576 3533 iiiios
613 3452 802 3547 executio,
832 3458 878 3532 ad
905 3461 1202 3534 satisfaciendum
1226 3459 1302 3557 juri

210 3561 381 3648 alterins,
406 3558 527 3632 erodit
548 3559 645 3632 licite
673 3576 709 3631 ct
736 3558 871 3631 debito.
900 3560 1069 3634 Secunda
1097 3560 1300 3646 sententio,

213 3682 321 3756 quom
339 3654 566 3753 prohabilem
584 3671 688 3756 potet
701 3655 834 3731 Tamb.
847 3657 933 3731 Dec.
954 3658 977 3729 i.
994 3657 1059 3731 3c.
1075 3658 1108 3731 3.
1123 3659 1143 3756 5
1157 3660 1179 3733 5
1192 3682 1227 3731 n.
1242 3678 1302 3729 ro.

212 3774 297 3832 cu‘m
326 3756 532 3843 Tcncredi,
554 3754 671 3843 dicit,
698 3755 912 3855 huiusmodi
939 3754 1220 3857 promissionem
1253 3751 1302 3825 sd

212 3852 307 3929 nihii
330 3852 512 3954 obligare,
534 3874 604 3930 noc
624 3855 734 3929 etiint
760 3855 808 3928 sd
835 3870 975 3954 partem
984 3853 1198 4024 ἥψω
1223 3850 1303 3943 dari

211 3954 356 4053 potnit3
383 3956 470 4057 quia
496 3972 584 4028 enm
608 3954 804 4054 promissio
825 3954 872 4027 sit
899 3953 1012 4025 indirr
1072 3977 1084 4023 ι
1114 3962 1168 4023 te'r
1187 3949 1303 4063 facto,

212 4062 288 4130 toti
316 4050 467 4132 motoria
490 4051 612 4133 erodit
639 4052 850 4131 inhoneste.
873 4051 996 4130 Tertii
1017 4050 1194 4128 sententio
1210 4104 1220 4141 ,
1238 4064 1305 4137 ror
