2917 4709
263 220 305 286 tt
369 219 442 285 Lib.
460 219 518 287 Vl.
537 219 644 287 Tract.
662 220 723 288 IV.
742 221 792 287 Dc
807 205 1240 291 Sacrameuto‘Pornitcntiae.

266 359 300 402 u.
315 332 387 429 619
401 333 509 406 ull'ert
523 335 710 431 praelatum
730 337 842 407 Breve
856 338 1041 434 tamquim
1057 360 1344 409 commoneres·

263 444 370 526 pecto
394 433 557 503 omniunt
586 432 835 524 lingularium.
863 433 1141 507 Advertendum
1165 460 1250 506 curn
1267 436 1342 510 Bu-

262 528 376 602 semb.
398 529 497 626 qood
514 521 667 603 facultas
686 530 876 624 praedicte,
891 557 1002 631 quam
1018 530 1158 604 liabent
1174 531 1344 629 Religiosi

263 626 473 700 itinerantes
505 627 703 701 confitendi
729 629 953 729 cuicumque
966 630 1153 703 Sacerdoti
1188 629 1345 715 idoneo,

262 750 337 796 non
360 726 491 798 habeat
507 728 631 800 locum
646 742 813 826 respectu
830 753 981 801 casuum
1003 742 1284 802 reserretorum.

206 862 256 930 576
316 853 333 890 u
368 828 420 897 18.
446 826 557 917 Quod
582 827 615 899 si·
636 826 845 926 Superiores
862 825 1094 924 Regularium
1121 823 1345 901 Monialibus

263 953 280 988 ι)
311 922 380 994 sibi
400 922 573 1020 subjectis
591 931 605 1006 t
620 926 716 996 idem
733 939 787 995 est
806 923 1025 998 Monialibus
1041 923 1221 1019 subjectis
1236 921 1347 1019 Epis-

261 1050 285 1092 »
312 1048 405 1117 copo
418 1025 431 1115 )
443 1049 518 1093 uon
534 1022 739 1096 concedant
755 1021 947 1121 aliquoties
958 1025 994 1096 io
1012 1049 1107 1096 enno
1124 1022 1241 1094 alium
1251 1022 1347 1091 Con·

260 1148 283 1189 a
309 1121 520 1205 lessarium,
538 1136 674 1220 potest,
694 1137 731 1193 et
750 1136 893 1193 tenetur
922 1121 996 1195 illis
1018 1146 1105 1194 eum
1130 1119 1218 1191 dare
1235 1118 1345 1217 Epis·

261 1247 279 1283 a
311 1243 425 1314 copus
443 1245 451 1308 ;
469 1220 569 1317 qood
588 1222 618 1292 si
640 1245 707 1292 nee
727 1222 756 1291 is
778 1219 904 1309 laniat,
920 1221 1010 1319 ipsae
1023 1221 1157 1317 eligere
1178 1228 1345 1316 possunt.

261 1344 279 1380 a
309 1316 487 1406 Quintan.
503 1333 531 1391 t.
545 1319 567 1393 3
583 1334 673 1392 sect.
688 1318 736 1391 26
751 1343 793 1390 ex
810 1318 1061 1392 Declaratione
1078 1315 1230 1391 Cardin.
1248 1310 1346 1412 apud

262 1444 282 1481 n
310 1414 458 1487 Borltos.
486 1446 506 1484 u

279 1535 282 1542 ’
309 1510 411 1584 ltlern
429 1511 698 1586 dieruntPelud.
717 1528 753 1586 et
766 1541 827 1587 ses
845 1514 906 1586 alii
921 1512 1022 1614 apud
1040 1515 1147 1587 Dian.
1164 1538 1202 1610 p.
1222 1536 1234 1582 r
1259 1523 1304 1583 tr.
1322 1507 1342 1580 3

261 1636 319 1682 res
335 1612 382 1707 39
394 1637 430 1685 n.
448 1637 468 1682 2
484 1616 576 1706 Quia
593 1611 741 1685 lieentia
756 1669 765 1701 ‚
780 1629 819 1685 ut
841 1619 946 1712 ajunt
959 1671 969 1699 ‚
983 1618 1062 1707 jure
1076 1614 1211 1709 petita,
1233 1625 1271 1679 et
1286 1607 1344 1677 in-

261 1708 355 1803 juste
382 1728 534 1808 negate,
558 1709 700 1784 ridetur
726 1715 746 1783 ir
768 1716 848 1809 jure
871 1736 1066 1798 concessa,
1086 1725 1151 1783 sut
1175 1705 1343 1780 saltem&

259 1809 437 1882 Pontifice
454 1835 496 1882 ex
515 1814 594 1907 ejus
612 1825 834 1908 praesumpta
851 1810 1047 1888 voluntate.
1065 1808 1138 1881 Sed
1156 1807 1234 1879 ltaec
1256 1828 1343 1876 sen·

261 1910 393 1992 tentia,
410 1909 561 1981 utrecte
579 1907 668 1982 dicit
684 1909 730 1980 tle
749 1907 1117 1982 Alexand.'Confess.
1139 1906 1242 1978 Mon.
1262 1924 1343 1997 cap.

260 2001 286 2075 6
304 2005 324 2098 §
345 2032 366 2102 7
393 2010 574 2102 Quaest..9
595 2005 747 2079 minime
765 2005 1056 2080 estadmittenda
1072 2034 1080 2077 ε
1096 2001 1243 2102 ρτίωὸ;
1261 1999 1345 2098 quia

261 2102 405 2177 videtur
425 2103 619 2201 reprobata
636 2129 680 2176 ex
703 2108 851 2200 Propos.
874 2104 913 2176 13
930 2103 1099 2176 damnata
1127 2103 1177 2175 ab
1191 2100 1342 2174 Alexan.

262 2199 343 2273 VII.
359 2225 442 2301 quae
467 2200 635 2274 dicebat:
652 2201 835 2295 Satiffucit
850 2217 1022 2299 prerepto
1047 2226 1177 2274 annuoe
1195 2192 1343 2290 Conser-

262 2296 394 2384 sr'ont's,
417 2302 479 2399 qui
493 2300 679 2396 confitetor
704 2301 890 2397 flegeton,
906 2300 1085 2396 Episcopo
1109 2307 1341 2395 presentato,

263 2395 437 2469 redebeo
454 2398 581 2492 rirjusttl
602 2398 798 2495 reprobato.
813 2400 986 2472 Praeterei
1003 2397 1143 2469 ridetur
1164 2391 1342 2494 reproba-

246 2505 298 2579 ‚te
315 2521 357 2567 ex
379 2519 465 2595 cop.
483 2496 612 2569 Omnis
639 2499 831 2593 utriusque
853 2495 977 2570 sexirs..
989 2498 1043 2570 De
1053 2497 1188 2570 Poenit
1202 2508 1238 2566 et
1252 2514 1339 2563 rem.

262 2595 326 2666 ubi
345 2593 524 2680 habetur,
544 2592 644 2691 quod
660 2650 668 2678 ,
686 2597 717 2669 si
737 2595 819 2693 quis
838 2594 994 2669 voluerit
1019 2593 1136 2668 alieno
1151 2586 1346 2667 Sa'eerdoti'

262 2693 453 2779 confiteri,
479 2696 589 2765 etilm
609 2719 693 2765 cum
715 2698 808 2791 justa
825 2720 957 2780 causa,
980 2718 1056 2766 non
1078 2695 1192 2790 possit
1211 2689 1258 2763 ab
1275 2683 1340 2799 illo

263 2791 419 2874 absolvi,
440 2790 508 2864 nisi
528 2790 712 2867 licentiam
730 2790 830 2891 priirs
849 2792 1024 2865 obtineat.
1037 2792 1143 2865 Tunc
1157 2783 1342 2867 autem‘lr·

263 2892 380 2963 centia
401 2888 537 2986 injuste
560 2906 687 2986 negate
710 2888 867 2964 habetur
887 2918 954 2991 pro
976 2914 1169 2973 concessa,
1192 2878 1341 2988 quando
1424 2899 1431 2910 ·

263 2994 273 3061 i
304 3016 339 3062 sa
353 2989 552 3088 requiritur
567 2987 711 3061 uncum
725 2989 772 3060 ad
786 2990 1037 3063 executionem
1052 2988 1174 3073 acttrs,
1190 3011 1258 3087 pro
1268 3004 1341 3082 quo

263 3017 431 3161 liieiendo
446 3091 519 3186 jam
535 3085 682 3159 obtenta
700 3086 748 3159 sit
761 3086 930 3175 facultas,
945 3112 1019 3160 non
1036 3085 1119 3160 verti
1133 3079 1284 3185 quando
1296 3101 1340 3150 ex

262 3187 340 3286 ipsa
357 3186 505 3259 licentia
521 3184 675 3257 facultas
694 3186 741 3256 ad
759 3201 881 3258 actum
896 3184 1130 3272 conceditur,
1147 3201 1186 3258 ut
1198 3186 1338 3278 Piguit·

263 3282 292 3358 l.
309 3285 454 3358 (iCons.
470 3288 518 3381 98
533 3310 570 3356 n.
584 3285 644 3375 rit.
662 3282 705 3354 In
725 3298 849 3356 nostro
874 3308 958 3364 casn
975 3300 1096 3356 autem
1111 3309 1184 3355 non
1199 3301 1339 3379 suppo·

264 3386 363 3456 nitur
375 3381 531 3456 incultas
546 3380 713 3470 obtenta,
731 3407 816 3453 cunr
832 3382 912 3454 haee
928 3381 1133 3481 dependeat
1144 3381 1189 3460 ab
1208 3407 1228 3453 a
1258 3400 1342 3477 pro·

263 3481 410 3554 batione
425 3483 612 3579 Episcopi.
625 3482 680 3553 Ex
698 3472 755 3551 his
773 3479 943 3590 omnibus
956 3507 1002 3580 ap
1030 3495 1106 3553 eret
1119 3536 1127 3564 ,
1141 3407 1342 3579 quolsen·

263 3580 377 3653 tentia
402 3577 572 3653 Bosemb.
598 3577 726 3651 saltem
754 3581 800 3651 sit
823 3578 926 3652 valde
953 3508 1066 3651 dolia
1083 3635 1093 3663 ,
1110 3594 1146 3651 et
1161 3576 1244 3650 ideo
1263 3596 1337 3646 non

263 3683 309 3752 sit
327 3694 402 3751 tuto
420 3679 460 3750 in
485 3676 598 3778 praxi.
620 3676 738 3774 Ithue
753 3677 894 3750 videtur
905 3679 1161 3751 confirmatum
1177 3670 1336 3780 exBulle

263 3777 482 3866 Porttrrolr's,
504 3776 600 3848 edita
619 3775 640 3848 5
658 3779 749 3872 Aug.
771 3781 859 3874 1748
876 3776 919 3850 N.
937 3778 996 3850 SS.
1009 3775 1145 3850 Bened.
1159 3775 1260 3849 XIV.
1275 3767 1338 3882 ub}
1420 3809 1426 3816 ·

262 3902 301 3949 n.
321 3878 354 3948 5.
379 3876 430 3949 sic
454 3875 647 3947 statuitur:
667 3874 773 3973 Quod
787 3874 823 3946 sr'
836 3873 1033 3972 Episcopus
1053 3898 1089 3946 tn
1103 3873 1172 3946 hoc
1184 3900 1221 3944 re
1234 3868 1341 3967 neglr

257 3999 348 4072 peres
369 3990 486 4058 esset,
505 3988 542 4045 ut
556 3970 773 4045 Martialibus
793 3974 867 4044 sut's
882 3969 935 4045 bis
952 3987 1045 4045 terre
1059 3971 1095 4042 irr
1109 3997 1205 4043 anno
1219 3984 1338 4041 exuo·

265 4072 435 4146 ordr'rzorr'r'
456 4068 950 4168 Corrjesscrr'r‘copr'omsaeere
957 4069 1243 4168 pretermitteret,
1257 4083 1337 4139 tunc
