2917 4709
217 261 280 333 238
322 223 394 327 Lib.
411 257 469 332 Vl.
487 259 595 329 Tract.
604 260 648 328 V.
659 261 709 327 De
726 257 1056 348 Extrema-Unet.·,et
1070 259 1212 332 Ordine.
1304 261 1307 270 “

215 375 254 445 6.
276 403 300 474 p
334 400 367 445 2.
395 374 440 446 ad
460 400 496 446 n.
522 376 635 465 2231,
654 374 717 446 ubi
737 391 856 448 tamen
873 374 977 446 affert
998 373 1087 447 altas
1110 370 1298 472 oppositas

216 474 484 546 Declaraliones
500 473 535 544 S.
555 476 596 545 C.
614 473 749 573 quibus
768 473 858 548 dixit
872 470 1031 545 validam
1047 498 1124 545 esse
1143 473 1298 544 Ordina-

217 575 354 646 tionern
370 571 616 671 quorumdam
633 571 882 644 ordinatorum
897 597 982 643 cum
1001 571 1100 643 falsis
1121 572 1298 643 Dimisso·

171 686 173 690 ’
218 673 294 755 riis,
316 673 382 743 etsi
404 672 584 769 praemissa
614 670 721 743 fuerit
741 671 950 767 protestatio
968 668 1155 769 Episcopi¹
1170 667 1299 741 exclu-

218 769 308 841 dens
330 771 553 840 voluntatem
573 768 769 841 ordinandi
790 794 876 859 eos,
901 769 964 868 qui
992 783 1113 840 essent
1134 763 1298 839 destituti

219 866 478 940 conciliaribus
498 868 694 964 requisitis.

41 973 45 978 ’
163 1015 210 1079 535
265 967 316 1039 Rc
348 967 476 1037 uisitur
492 965 534 1037 11.
555 967 711 1038 Animus
727 963 947 1046 clericandi‚
964 963 1121 1037 exTrid.
1148 989 1235 1036 sess.
1252 961 1297 1033 23

175 1147 179 1155 Ι
220 1090 250 1135 c.
274 992 400 1157 dille
414 1062 604 1137 dubitatur
629 1091 656 1137 t.
675 1091 721 1137 an
738 1081 867 1164 peccet
881 1066 946 1164 qui
964 1066 1117 1163 suscipit
1135 1062 1298 1162 aliquem

215 1159 493 1235 Ordinemsine
512 1163 632 1235 animo
652 1160 873 1236 ascendendi
895 1161 942 1234 ad
957 1159 1192 1258 superiores?
1207 1163 1300 1232 Cer-

220 1275 298 1333 tum
318 1283 513 1333 commune
530 1277 583 1334 est
600 1287 674 1333 non
697 1288 850 1361 peccare
867 1263 1045 1357 graviter,
1061 1261 1201 1331 etidrnsi
1217 1258 1299 1356 qtds

220 1361 394 1455 suscipiat
412 1358 570 1432 Ordines
587 1366 743 1459 majores
761 1417 769 1446 ‚
786 1377 822 1432 et
839 1379 913 1432 non
928 1358 1092 1431 intendat
1113 1358 1302 1453 suscipere

215 1457 496 1548 Sacerdotium,
517 1472 556 1529 ut
570 1462 668 1531 recte
683 1459 814 1533 dicunt
825 1460 874 1531 La
902 1484 950 1532 m.
971 1455 1018 1528 de
1034 1456 1124 1529 Ord.
1139 1481 1213 1554 esp
1230 1453 1299 1527 sub

221 1559 355 1645 finem;
374 1555 484 1628 Salm.
505 1583 538 1630 c.
559 1556 581 1630 5
601 1584 639 1627 n.
660 1560 706 1631 52
723 1572 759 1630 et
776 1486 910 1630 Esccd.
929 1582 964 1628 n.
989 1556 1059 1648 304
1076 1555 1185 1627 etalii
1212 1579 1302 1652 pas·

221 1655 315 1738 sim,
335 1668 460 1726 corrtra
484 1656 650 1745 Baunez,
680 1654 859 1730 Marchin.
882 1669 919 1727 et
935 1654 1025 1726 alios
1050 1678 1183 1751 paucos
1210 1664 1300 1749 (ap.
1425 1667 1431 1680 '

217 1751 355 1826 Escob,
385 1779 420 1827 n.
451 1750 566 1847 363.)
587 1810 596 1839 ,
654 1757 691 1828 ui
713 1752 1019 1854 improbabiliter
1035 1763 1202 1824 asserunt
1222 1774 1319 1822 esse.

222 1849 388 1924 mortale.
413 1849 492 1925 Imb
508 1850 605 1924 idem
622 1780 756 1925 doceb.
777 1878 813 1924 n.
831 1853 900 1926 305
922 1865 959 1923 et
975 1848 1106 1924 Peleus
1124 1877 1159 1955 p.
1181 1852 1205 1922 8
1221 1876 1258 1918 ιι.
1277 1848 1302 1920 8

222 1975 310 2026 sum
322 1948 436 2023 Cone.
451 1964 488 2022 et
497 1952 629 2026 Bonae.
647 1949 886 2050 probabiliter
901 1962 1049 2049 putant,
1065 1950 1212 2019 nullum
1224 1971 1302 2020 esse

223 2057 414 2148 peccatum
432 2104 440 2133 ‚
456 2042 544 2217 'quia
566 2047 669 2123 nullo
684 2056 764 2149 jure
780 2048 1028 2150 praescribitur
1043 2046 1153 2119 alicui
1175 2044 1223 2117 ad
1240 2071 1303 2117 su·

225 2146 384 2244 periores
402 2148 455 2218 Or
485 2149 561 2219 ines
574 2148 770 2221 ascendere
785 2173 795 2239 ;
814 2142 895 2221 nisi
930 2147 985 2218 uis
1003 2158 1168 2244 acceptet
1182 2145 1305 2217 Beue-

225 2244 349 2319 ficium
365 2245 555 2343 requirens
574 2243 849 2336 Sacerdotium,
867 2172 927 2319 vei
941 2241 1118 2317 Ordinem
1135 2267 1303 2330 sacrum,

226 2342 338 2444 proiit
350 2360 438 2415 sunt
452 2344 631 2418 Beneficia
647 2361 795 2430 curata,
814 2369 876 2418 sen
892 2369 933 2417 ea
950 2398 959 2428 ,
1005 2342 1114 2416 uibus
1130 2355 1217 2414 sunt
1233 2366 1304 2412 an-

223 2467 315 2526 nexa
332 2467 441 2513 onera
454 2441 627 2514 cantandi
647 2445 794 2518 Missam
810 2500 819 2530 ‚
836 2369 1097 2539 Evangeiium.
1115 2437 1172 2512 vel
1193 2438 1304 2534 Epis·

224 2538 351 2625 lolam,
369 2554 410 2613 ut
424 2539 579 2613 liabetur
592 2566 636 2613 ex
647 2541 751 2615 Trid.
764 2566 849 2614 sess.
864 2566 909 2612 22
926 2543 992 2631 erl
1007 2536 1188 2612 Caeterirm
1204 2536 1303 2609 idem

224 2637 430 2711 Concilium
451 2663 537 2713 sess.
558 2638 602 2712 23
623 2662 655 2714 e.
680 2641 841 2735 dsolurn
859 2638 1014 2736 requirit
1031 2638 1069 2710 in
1096 2633 1303 2711 ordinando

220 2737 687 2835 intentionem‘praestaudi
720 2740 800 2811 Deo
823 2736 970 2811 fidelem
1000 2734 1154 2808 cultum:
1185 2733 1303 2832 quue

227 2837 463 2910 confirmatur
479 2861 522 2908 ex
535 2859 575 2908 ca
607 2893 614 2910 .
636 2865 666 2912 ι.
683 2836 729 2909 de
742 2838 773 2911 F
773 2837 844 2909 iliis
857 2833 1060 2934 Presbyter.
1077 2830 1302 2917 ubidicitur,

226 2935 550 3049 Episcoposposse
568 2863 780 3035 dispensare
796 2962 881 3007 cum
903 2932 1091 3030 illegitimo
1119 2930 1166 3003 ad
1184 2929 1304 3003 susci·-

221 3034 382 3131 prendos
397 3033 560 3107 Ordines
579 3041 751 3124 minores,
768 3059 843 3106 non
861 3032 908 3105 ad
926 3036 1101 3131 majorem
1117 3054 1203 3128 ergo
1220 3027 1305 3101 lici·

229 3143 376 3205 tumeat
393 3134 578 3232 suscipere
598 3157 713 3206 unum
734 3130 912 3207 Ordinem
931 3131 1008 3202 sine
1027 3129 1151 3200 auimo
1172 3141 1307 3226 asceu-

230 3227 341 3302 dendi
355 3227 403 3302 ad
422 3235 638 3328 superiores.
656 3233 785 3317 Ratio,
808 3244 885 3318 est,
911 3227 996 3327 quia
1017 3224 1174 3325 quilibet
1202 3225 1307 3298 Ordo

228 3327 417 3402 confertur
439 3328 485 3400 ad
503 3327 595 3412 hoe,
621 3346 662 3403 ut
679 3325 873 3402 'ordinatus
892 3326 1062 3399 inserviat
1082 3324 1185 3409 Deo,
1215 3349 1308 3424 pro·

227 3423 349 3528 prium
372 3417 508 3499 munus
526 3425 728 3501 exercendo
744 3453 753 3513 3
773 3425 907 3500 sufficit
933 3422 1043 3524 igitit‘r
1059 3450 1195 3497 munus
1211 3419 1307 3495 illud

227 3538 416 3623 acceptare
432 3524 510 3599 siue
526 3527 727 3598 intentione
743 3523 894 3598 ulterius
910 3521 1177 3622 progrediendi
1188 3520 1307 3595 Aliter

225 3623 314 3696 verb
331 3621 529 3696 dicendum
547 3639 641 3697 esset
661 3624 705 3697 de
732 3623 890 3713 novitio,
917 3623 980 3736 qni
999 3621 1224 3720 Religionem
1243 3621 1304 3689 in·

227 3735 346 3794 tra'ret.
362 3724 485 3798 animo
500 3747 573 3795 non
600 3722 853 3824 perseverandi
871 3748 881 3808 3
903 3719 964 3793 brc
987 3722 1086 3794 enim
1107 3716 1305 3794 difficulter

227 3820 394 3896 excusari
409 3826 559 3917 possete
578 3821 689 3921 culpa
709 3823 804 3919 gravi
821 3877 830 3906 ,
850 3825 1002 3920 propt‘er
1017 3818 1150 3891 damna
1167 3830 1309 3914 tempo·

228 3919 318 3993 ralia
334 3933 370 3998 et
385 3919 629 4006 incommoda,
646 3945 729 4020 quoe
743 3919 922 4018 Religioni
935 3932 1024 3990 tunc
1042 3916 1174 3989 frustrd
1193 3911 1308 3988 affer·

181 4029 191 4044 “
229 4031 310 4103 ret,
331 4031 368 4092 et
384 4018 488 4091 etilrn
508 4044 574 4119 pro
602 4035 657 4094 ter
672 4017 887 4094 scandalum
906 4079 915 4104 ,
935 4012 1034 4116 quod
1060 4015 1144 4087 aliis'
1159 4013 1306 4087 novitiis

228 4113 427 4217 praeberem
449 4049 660 4224 exemplum
673 4119 771 4199 enim
787 4115 875 4196 socii
886 4139 1056 4217 nagnam
1071 4111 1177 4194 alteri
1192 4127 1310 4187 tenta·

229 4216 369 4292 tionem
382 4216 525 4319 ingerit.
