2917 4709
11 307 13 366 i

183 235 264 329 Cap.
286 237 330 305 tl.
346 236 434 304 Dub.
451 237 510 304 tlt.
529 239 579 305 Be
597 235 746 306 Ministro
763 235 857 328 hujus
872 232 1079 324 sacramenti.
1139 235 1182 324 47

11 371 12 412 3
105 347 277 436 volumus,
293 347 461 446 majorem
475 349 768 421 Punitentlurrbm
784 406 794 436 ,
811 348 928 420 statim
947 374 990 420 uc
999 373 1066 442 pro
1082 362 1182 444 parte

101 447 312 520 Montanum
338 447 520 546 requisitus
536 445 664 535 fuerit,
697 444 960 541 Conjessarrirm
989 443 1184 517 extraordz‘-
1271 460 1274 464 ’
1339 489 1349 510 a

101 547 262 632 omnm,
287 571 336 617 ea
361 570 478 617 eorum
502 562 619 616 tumen
637 571 805 629 numero,
826 544 887 642 qui
898 541 948 615 ud
959 543 1186 639 excrpr'endus

99 641 312 716 Martialium
337 643 588 723 Confessiunes
608 641 653 716 ab
675 645 752 743 ipso
777 637 958 714 Ordinatio
981 642 1185 737 lucr‘uppro·

102 739 344 837 batisuerint,
369 767 447 814 urim
466 741 625 814 omnibus
638 734 850 814 necessariis
854 738 1089 834 facultatibus
1104 765 1186 811 cun-

11 879 12 886 *
101 840 226 911 cedem
250 854 286 911 et
300 840 479 936 deputare.
499 841 554 911 Er
569 857 643 937 quo
657 840 835 929 insertur,
852 836 971 1008 (pund,
985 839 1014 910 si
1035 838 1185 935 Episco-

132 961 174 1008 us
188 937 343 1036 negligit
357 937 443 1010 dare
460 937 811 1028 extraordinarium,
825 941 862 1009 ui
877 936 919 1008 iil
933 935 1034 1008 aliud
1049 937 1185 1008 munia-

100 962 204 1107 libus
221 1035 467 1121 coucedatur,
483 1041 597 1134 quarn
620 1037 668 1109 ad
687 1037 1004 1115 Poeuitentiarium
1026 1059 1186 1107 recurre-

102 1159 155 1206 re.
167 1137 212 1206 Iu
225 1134 354 1206 eudem
368 1133 478 1207 Bulla
496 1140 680 1219 sancitur,
696 1137 797 1234 quud
811 1133 1013 1223 Moniales,
1030 1133 1097 1205 etsi
1112 1137 1186 1206 uon

102 1246 300 1305 teneantur
320 1232 603 1305 extraordinario
621 1234 806 1319 confiteri,
821 1247 1012 1306 teneantur
1024 1250 1141 1304 tamen
1156 1236 1189 1305 ei

103 1356 143 1402 se
163 1332 287 1402 sistere
303 1331 350 1402 ad
370 1329 549 1403 audienda
575 1333 715 1404 monita
734 1331 921 1405 salutaria.
946 1332 1038 1404 Item
1056 1385 1065 1413 ,
1087 1331 1188 1428 quod

102 1429 280 1528 Episcopi
308 1428 383 1502 hoc
409 1429 506 1502 idern
546 1430 739 1504 observent
768 1455 853 1502 cum
887 1430 1188 1504 Conservatoriis.

101 1527 217 1610 Item,
236 1528 339 1627 quod
354 1533 392 1599 in
420 1528 575 1601 articulo
590 1532 717 1601 mortis
733 1528 886 1602 cuilibet
897 1529 1045 1601 Moniali
1062 1542 1188 1626 postu·
1256 1527 1258 1542 ’
1317 1519 1327 1547 ’

103 1624 201 1697 lauti
215 1625 438 1705 concedatur
456 1626 502 1699 ab
519 1629 704 1726 Episcopo
722 1627 976 1700 Confessarius
989 1628 1189 1723 particula-

104 1728 156 1795 ris
174 1752 184 1793 ε
202 1739 238 1795 et
253 1725 282 1795 si
296 1725 555 1797 Munasteriurn
571 1728 619 1797 sit
630 1741 844 1834 espmptum
858 1781 866 1809 ,
880 1750 954 1797 non
965 1725 1191 1798 concedente

103 1821 263 1894 Praelato
288 1823 447 1921 regulari
463 1878 473 1904 ,
491 1825 693 1919 assignetur
713 1823 759 1894 ab
777 1823 964 1923 Episcopo
980 1872 988 1908 ,-
1006 1825 1060 1895 vel
1072 1849 1191 1895 recu-

104 1935 210 1994 sante
226 1923 333 1993 etiarn
349 1924 536 2020 Episcopo
556 1922 862 1994 aPoenitentiario
877 1927 1036 2018 majore,
1054 1922 1084 1993 si
1103 1935 1192 1993 tom·

101 2046 180 2118 pus
204 2035 390 2117 suppetat.
421 2020 534 2109 Item,
553 2019 667 2120 quod,
680 2020 856 2118 sialiqua
870 2019 1040 2093 Monialis
1061 2036 1192 2093 renuat

102 2118 279 2191 confiteri
292 2118 521 2191 Confesssrio
541 2119 749 2208 ordinario,
771 2118 969 2217 deputetur
985 2118 1017 2190 si
1037 2118 1130 2191 alius
1145 2118 1191 2190 ab

105 2216 295 2321 Episcopo
318 2242 386 2316 pro
414 2217 521 2289 certis
553 2218 714 2308 vicibus,
741 2233 776 2290 ct
803 2221 832 2289 si
859 2220 1121 2291 Monasterium
1145 2219 1193 2290 sit

108 2327 348 2414 exemptum,
368 2319 389 2387 ὲ
406 2314 560 2389 Praelato
587 2315 769 2416 regulari:
800 2331 836 2388 et
865 2315 946 2412 ipso
976 2331 1191 2400 recusante,
1258 2369 1265 2377 -

109 2412 339 2487 concedatur
362 2411 408 2486 ab
432 2415 642 2508 Episcopo,
672 2413 731 2487 vel
755 2413 1029 2488 Poenitentiario
1049 2417 1192 2506 majori.

109 2514 292 2589 Hortatur
312 2526 435 2583 autem
457 2513 625 2585 Pontifex
642 2513 846 2612 Episcopus
863 2569 872 2601 ,
890 2536 937 2584 ne
961 2516 1035 2585 sint
1061 2511 1193 2586 diffici-

109 2609 164 2686 les
186 2607 235 2682 ad
254 2608 502 2708 peculiaribus
518 2608 740 2685 Munialibus
753 2608 1079 2684 extraordinarium
1092 2611 1194 2684 Con-

114 2710 307 2782 fessarium
334 2706 537 2807 aliquandi)
565 2710 775 2808 petentibus
802 2708 1095 2804 concedendum.
1119 2710 1194 2781 De·

110 2807 221 2881 urbm
247 2806 397 2892 statuit,
423 2799 524 2906 quod
537 2808 682 2881 Praelati
703 2807 916 2881 Monialium
937 2807 1119 2905 regulares
1138 2821 1195 2879 te-

98 2921 274 2979 ·neantur
289 2903 345 2977 bis
362 2903 416 2976 vel
436 2923 491 2977 ter
504 2910 542 2979 in
557 2932 656 2979 utino
669 2907 850 3002 assignare
867 2906 1197 2979 extraordinarium

112 3032 159 3078 os
177 3002 343 3103 probatis
358 3002 405 3075 ab
421 3004 606 3103 Episcopo
622 3003 669 3076 ud
683 3005 936 3079 Conl'essiones
954 3004 1168 3078 Monialium
1184 3061 1194 3094 ,

112 3104 181 3202 qui
206 3101 337 3175 saltem
352 3102 473 3175 'semel
495 3106 534 3175 in
558 3127 655 3176 anuo
671 3104 718 3175 sit
733 3103 791 3174 vel
807 3102 1009 3192 saecularis,
1031 3101 1085 3175 vel
1101 3104 1196 3179 olte-

113 3206 194 3276 rius
214 3198 390 3290 Ordinis,
410 3200 497 3274 alias
524 3200 676 3371 deputet
704 3200 814 3274 illum
835 3201 1065 3373 Episcopus3
1093 3216 1129 3273 et
1152 3228 1196 3276 eo

109 3316 283 3397 tempore
299 3299 506 3374 ordinarius
520 3330 570 3373 nu
605 3300 680 3389 ius,
696 3325 817 3400 neque
834 3303 863 3373 A
896 3300 1033 3374 batissae
1047 3356 1056 3386 ,
1071 3307 1198 3400 'neque

116 3399 346 3472 Novitiarum
366 3397 490 3472 audiat
504 3399 762 3472 Confessionis.

168 3497 324 3594 Insuper
343 3494 468 3595 qubad
487 3498 735 3570 Confessarius
748 3491 964 3570 Moniabum
983 3495 1090 3593 plura
1111 3511 1252 3586 santam

115 3595 183 3668 hic
199 3594 430 3667 advertenda.
452 3595 665 3669 Notandum
689 3623 700 3669 r
721 3595 824 3694 quod
838 3621 964 3668 omnes
978 3596 1199 3668 Confessarii

118 3693 338 3769 Monialium
349 3693 533 3790 indigeant
546 3692 694 3794 speciali
704 3694 882 3767 electione
895 3694 1200 3795 etapprobatione

36 3873 42 3878 ,
114 3794 297 3892 Episcopi
326 3789 420 3882 loci,
447 3817 490 3865 ex
507 3794 669 3868 Decretis
688 3794 724 3868 S.
745 3795 787 3868 C.
814 3793 915 3892 apud
941 3797 988 3864 cte
1016 3791 1196 3864 Alexand.

113 3890 226 3968 cont.
254 3890 353 3963 Mon.
379 3916 458 3986 cap.
483 3891 598 3989 656.
683 3947 691 3966 .
722 3918 751 3965 1.
769 3891 805 3963 Si
823 3892 906 3964 verb
925 3887 1103 3965 Muniales
1126 3889 1200 3962 sint

112 4005 321 4086 exemptae‚
338 3988 556 4064 Corrfcssarii
569 4014 653 4065 earu
738 4003 976 4063 raeseutautur
989 3994 1007 4060 a
1022 3989 1198 4086 propriis,

115 4086 187 4162 sed
203 4091 314 4162 etiam
329 4085 378 4161 'ab
395 4085 581 4189 Episcopo
599 4017 851 4190 approbantur
867 4097 911 4161 eit
934 4085 1089 4159 Constit.
1104 4087 1203 4161 Gre-·
