2917 4709
270 166 351 260 Gap.
363 165 507 243 tenuis.
522 167 566 235 Π.
578 162 1033 243 DeMatrimooioseonndim
1048 187 1093 234 se.
1158 165 1224 253 475

136 290 206 355 net
223 276 551 378 adcomplendum
567 280 958 380 consuetissimum,
977 280 1040 379 qui
1059 276 1225 350 consistit

138 382 183 453 in·
201 383 441 473 seminatione
455 380 648 478 ¹utriusque
661 379 833 478 Coniugis
850 402 861 470 ;
880 376 979 452 unde
996 374 1093 449 siniit
1108 388 1225 474 potest

138 501 238 552 usor
252 476 408 559 tactibus
423 503 461 551 sc
480 480 685 647 preparare
701 478 749 551 ad
763 478 933 577 copulam
948 478 1016 564 ,its
1031 477 1142 546 etiam
1154 497 1225 570 po·
1244 487 1248 496 '

138 589 214 651 test
234 592 358 653 actum
382 600 477 674 aopn
496 602 526 650 ae
551 578 723 671 perficere
738 592 846 663 ,tum
866 578 977 675 quia,
996 574 1027 647 si
1052 572 1224 646 mulieres

137 672 277 751 saltim
303 688 388 775 post
412 675 651 748 irritationem
677 690 891 750 tenerentur
921 687 1090 746 naturam
1117 695 1225 744 com·-

136 798 316 873 pescere,
336 788 457 847 essent
481 776 570 870 ipaae
600 773 731 869 'ugiter
758 797 891 871 magno
925 768 1090 870 periculo
1114 794 1225 866 expo·

138 872 223 945 sitae
242 870 441 972 peccandi,
462 868 560 945 'enm
585 799 814 970 irequentiiss
838 871 929 955 riri,
954 870 1037 971 quia
1065 867 1225 941 calidio-

129 995 225 1059 res,
246 970 346 1068 pcibs
367 970 577 1061 seminent(
589 970 653 1042 sed
671 971 747 1045 baec
772 970 862 1044 ratio
882 996 957 1043 non
970 966 1119 1049 suadet.
1139 990 1227 1038 num

139 1069 171 1141 si
189 1067 264 1141 hoc
278 1070 553 1167 permitteretur
568 1067 759 1155 uxoribus,
775 1067 926 1142 deberet
944 1068 1103 1165 permitti
1116 1066 1227 1137 etidm

137 1167 253 1255 viris,
274 1191 381 1258 essu,
406 1192 480 1279 qup
500 1166 633 1241 mulier
653 1182 737 1267 post
753 1192 858 1239 suam
878 1167 1159 1239 seminationem
1187 1187 1226 1234 se

139 1265 369 1351 retraheret,
388 1281 424 1337 et
436 1291 492 1338 srr
508 1283 672 1338 maneret
685 1267 842 1339 irritatus
856 1279 915 1354 ;at
927 1265 1005 1353 ΠΙ).
1025 1261 1228 1336 communi·

141 1376 201 1437 ter
219 1350 349 1437 dicunt
367 1366 404 1437 id
422 1365 575 1435 vetitum
595 1390 672 1437 esse
688 1364 793 1447 viris,
816 1388 858 1435 ut
872 1363 1005 1437 Sanoh.
1022 1388 1058 1434 u.
1080 1385 1120 1433 ro
1137 1358 1226 1433 Wi-

141 1460 271 1558 gandt.
293 1477 328 1532 et
344 1465 435 1542 Bon.
457 1460 481 1533 l.
504 1485 534 1534 c.
555 1480 595 1552 );
613 1478 693 1536 tum
707 1462 792 1561 quia
809 1519 818 1546 ,
837 1478 878 1534 ut
898 1461 1022 1560 plures
1039 1460 1226 1545 sentiunt,

139 1559 337 1633 seminatio
354 1560 520 1635 mulieris
535 1575 590 1632 est
605 1565 827 1648 necessaris,
847 1559 904 1631 vel
920 1559 1048 1632 saltem
1065 1555 1228 1630 muttum

141 1657 291 1731 confert
307 1658 355 1731 ad
371 1659 664 1757 generationem:
681 1657 774 1732 nihil
786 1664 884 1730 enim
900 1664 917 1729 d
933 1673 1060 1730 natura
1079 1656 1228 1728 frustra·

141 1778 259 1830 neum
277 1760 406 1854 agitur.
423 1756 558 1829 Omnes
572 1773 695 1829 autem
708 1758 919 1831 concedunt
934 1754 1129 1843 uxoribus,
1147 1777 1228 1850 quoe

144 1854 346 1950 frigidioris
359 1869 446 1928 sunt
459 1846 618 1939 baturae,
633 1881 739 1955 posse
751 1855 910 1930 tactibus
921 1881 960 1928 se
974 1856 1127 1926 excitare
1142 1849 1229 1924 autb

143 1979 191 2027 co
223 1955 349 2037 ulum,
371 1969 412 2026 ut
436 1955 617 2039 seminent
636 1960 674 2026 in
703 1980 899 2054 congressu
924 1949 1081 2027 maritali
1107 1949 1230 2027 statim

92 2118 95 2125 .
145 2050 174 2125 h
226 2052 345 2142 endo;
363 2051 443 2124 vide
460 2055 574 2126 Cone.
592 2077 629 2126 n.
654 2052 704 2125 ab

204 2182 222 2217 a
246 2150 329 2223 Vtt.
356 2150 394 2224 Si
419 2149 569 2223 inloco
591 2149 774 2238 indebito,
794 2174 827 2221 v.
847 2174 879 2230 ε.
902 2150 1013 2224 Sacro
1033 2204 1042 2236 ,
1061 2148 1125 2249 qui
1143 2144 1286 2246 indis920
1335 2182 1338 2191 r

847 2226 862 2246 ι

147 2277 171 2318 u
201 2245 382 2338 violetur,
407 2248 464 2321 rel
482 2249 518 2320 in
535 2246 618 2321 loco
635 2247 789 2349 publico
805 2246 823 2283 ⁴
839 2247 958 2341 (Vide
977 2249 1073 2321 dieta
1094 2245 1140 2320 de
1159 2245 1230 2319 boc

143 2378 164 2412 o
197 2360 338 2517 puncto
363 2346 392 2419 l.
429 2348 680 2441 tuumque&
705 2345 769 2421 ubi
801 2345 960 2420 diximus
998 2372 1085 2419 cum
1099 2346 1229 2419 Nasar.

145 2473 169 2513 n
235 2471 312 2546 asq.
326 2443 409 2518 Tol.
421 2445 623 2519 Azor.Con.
644 2448 739 2518 Pont
751 2460 821 2518 etc.
837 2447 948 2543 quod,
964 2445 1042 2517 lt'cct
1053 2443 1232 2543 probabile

105 2609 109 2612 ⁴
147 2570 171 2610 s>
198 2542 255 2631 sit,
264 2538 497 2639 percopulam
511 2543 727 2640 conjugalem
740 2543 910 2615 occultam
927 2542 962 2615 in
977 2542 1140 2615 Ecclesia
1156 2567 1231 2613 non

148 2667 172 2708 n
200 2639 371 2713 committi
389 2638 627 2737 sacrilegium,
647 2665 762 2752 neque
780 2638 977 2712 Ecclesiam
996 2640 1126 2737 polliri,
1141 2666 1229 2735 pro-

149 2766 173 2807 u
200 2734 348 2811 babt'lius
366 2752 485 2808 tamen
512 2754 776 2835 estopposrtum
792 2794 800 2824 ,
819 2737 891 2808 nabi
905 2737 1001 2810 adsit
1013 2737 1232 2830 necessitas,

150 2860 175 2900 a·
201 2860 280 2908 cum
300 2835 404 2907 Suar.
423 2833 557 2909 Sanah.
573 2836 673 2909 Less.
695 2836 788 2908 Bon.
804 2835 948 2908 llolzm.
970 2838 1099 2916 Croix,
1119 2834 1232 2909 Salm.

146 3060 172 3102 -u
199 3030 326 3104 diuc'nis
341 3028 461 3124 afflatis
475 3029 687 3103 celebrandis
702 3088 711 3122 ,
729 3028 802 3103 nisi
815 3031 1017 3105 concubitus
1026 3030 1083 3103 z'llc
1095 3030 1234 3103 babitus

148 3160 171 3206 o
194 3125 411 3224 publicetur,
429 3142 469 3200 ut
481 3126 603 3206 dicunt
620 3128 722 3201 iilam
740 3130 824 3201 AA.
844 3146 879 3201 ct
889 3130 1059 3228 probatur
1068 3130 1104 3203 in
1126 3127 1231 3203 lracl.

149 3256 167 3292 a
198 3222 224 3296 6
243 3250 281 3299 n.
304 3225 386 3320 364.
409 3226 491 3325 quta
517 3226 681 3300 Ecclesia
698 3254 770 3302 non
793 3246 954 3300 censetur
967 3227 1102 3324 polluta
1118 3229 1238 3325 qudad

46 3337 52 3352 ·
151 3356 173 3395 u
201 3321 464 3397 celebrationem
496 3322 722 3417 Offictbtum,
746 3322 821 3399 nisi
842 3327 973 3399 atium
999 3325 1047 3398 sit
1061 3326 1234 3399 notorium

148 3456 169 3491 s
201 3421 408 3494 natorictatc
417 3416 587 3518 sacti.)'

200 3548 221 3587 n
248 3517 348 3595 tht.
367 3519 405 3590 Si
421 3517 560 3620 absque
583 3536 732 3620 urgente
750 3547 856 3595 causa
876 3522 939 3595 fiat
953 3536 1117 3621 tempore
1133 3520 1286 3618 inde-92.

149 3651 169 3688 s
200 3615 300 3707 bito,
327 3645 339 3690 r
360 3617 399 3688 in
415 3642 544 3714 magno
562 3620 793 3694 solemnitate
808 3677 817 3705 ,
832 3637 872 3694 ut
891 3620 1061 3703 Paacbae,
1077 3619 1134 3694 vel
1152 3622 1232 3719 pri-

148 3750 169 3788 ι
200 3714 607 3791 <incommonitum
620 3717 749 3795 Per.d.
764 3722 811 3817 49
824 3746 853 3793 s.
867 3745 899 3794 2.
922 3745 954 3791 a.
966 3717 1124 3810 Quandb
1143 3744 1233 3793 uror

149 3849 168 3886 s
200 3831 253 3888 est
267 3812 434 3913 gravida,
448 3813 596 3906 saltim,
613 3815 642 3887 si
659 3819 707 3891 sit
727 3817 937 3915 periculum
959 3815 1121 3890 abortiis.
1139 3817 1230 3895 Nav.

152 3947 172 3988 t>
200 3913 295 4029 Spin.
325 3912 460 3987 Sanch.
481 3912 595 4003 Conc.
615 3913 702 3988 Filt.
726 3942 764 3988 n.
794 3915 876 4013 337.
895 3916 976 3989 Hoc
996 3918 1096 3989 euim
1113 3918 1233 3991 sinon
1308 3942 1311 3947 ⁴

152 4043 174 4095 s
201 4028 266 4107 stt,
284 4023 367 4091 'uon
391 4013 462 4090 erit
477 4010 608 4090 saltem
619 4013 781 4091 mortale
797 4043 805 4088 :
823 4012 927 4115 quod
938 4014 1037 4091 enim
1054 4030 1144 4089 tunc
1160 4017 1232 4090 fine
