2917 4709
248 232 309 281 aaa
351 210 425 281 Lib.
444 214 502 282 Vl.
520 215 628 301 Tract.
644 214 703 282 tv.
721 214 772 280 De
790 212 992 281 Sacramenta
1006 211 1219 280 Poenitentioe.

143 346 147 352 ’
246 325 352 409 soto,
367 325 465 424 Vis-t.
480 327 565 424 Fag.
582 326 689 398 Rodr.
706 322 875 398 Philiarc.
889 325 1044 398 etSalm.
1061 324 1109 397 ib.
1123 350 1207 396 cum
1222 318 1327 421 Sylv-

247 422 330 494 Val.
344 425 479 497 Bonac.
494 427 577 522 Reg.
588 426 719 496 Aversa
732 479 740 507 ‚
754 423 846 496 Gab.
862 422 1000 521 Megala
1011 483 1022 508 ,
1033 422 1147 495 Graff.
1163 439 1198 495 et
1213 422 1327 494 Dian.

171 608 176 615 ἃ
246 521 348 597 Ratio
366 524 575 622 potissima,
593 526 698 621 quia,
716 521 800 595 licet
820 522 973 595 monitio
987 522 1052 594 illa
1072 518 1193 593 fiatad
1211 544 1325 619 τερος

233 621 406 715 ¹randum
431 620 614 695 defectum
645 621 1117 718 praeteritos-Confessiouis,
1133 636 1323 704 alumen,

26 719 47 814 ᾗ
123 772 126 775 -
161 718 173 785 s
245 740 334 790 curn
360 745 434 790 non
464 729 509 792 sit
538 745 624 793 curn
650 720 713 790 illa
745 726 968 812 coniuncta,
988 734 1023 790 ct
1046 716 1225 814 judicium
1245 721 1323 816 jam

246 813 356 905 luerit
370 820 618 915 completum,
636 817 756 889 evadit
770 816 897 889 illicita
911 872 921 899 ‚
940 814 1098 915 eoquod
1113 830 1205 887 esset
1219 839 1326 913 quaa·

248 912 332 986 dam
356 916 496 1008 peccati
511 915 743 1012 exprobratio
757 960 767 997 r
784 930 822 986 et
837 912 922 987 ideb
937 915 1102 986 odiosam
1115 912 1325 985 Confessio·

246 1034 333 1084 nem
351 1013 531 1086 redderet.
551 1015 630 1087 Huc
647 1029 769 1086 tamen
793 1012 1102 1111 intelligendum,
1122 1014 1154 1085 si
1168 1010 1327 1085 Confes-

247 1113 363 1185 sarius
380 1112 560 1209 judicium
579 1115 652 1210 jarn
671 1112 1157 1209 perfecerit‚absoluticncm
1182 1111 1325 1209 imper·
1349 1113 1353 1121 ’

246 1208 397 1300 tieud0;
416 1236 502 1283 nam
523 1212 554 1282 si
574 1234 648 1282 nou
668 1209 953 1296 absolverit,vel
982 1212 1067 1309 quia
1093 1207 1231 1281 oblitus
1252 1208 1327 1281 suit

247 1305 516 1381 absolutionem
550 1311 666 1397 dare,
698 1310 757 1381 vel
790 1309 876 1408 quia
902 1334 981 1381 eam
1013 1306 1109 1379 male
1138 1306 1325 1404 protulit,

246 1419 345 1480 tuuc*
357 1406 463 1479 vaide
480 1406 719 1506 probabiliter
738 1406 828 1479 dicit
851 1407 959 1480 Croix
976 1405 1076 1478 dicto
1093 1430 1194 1478 uum.
1217 1404 1327 1502 1776.

248 1530 335 1577 cum
346 1505 440 1586 Stoa,
453 1508 650 1604 etArriaga‚
659 1505 754 1578 banc
768 1527 871 1602 posse
884 1504 1165 1590 confessarium,
1175 1528 1249 1575 uon
1263 1528 1330 1602 pa·

247 1603 312 1673 riu
329 1603 485 1693 licentia,
502 1602 623 1676 dicere
637 1603 843 1704 poenitenti,
857 1629 896 1677 se
909 1628 994 1675 eum
1011 1627 1090 1675 uon·
1101 1601 1295 1675 absolvisse
1313 1623 1328 1693 ς

246 1712 338 1772 tuuc
351 1703 448 1774 euim
465 1706 584 1774 revera
601 1702 702 1775 nulla
714 1703 907 1776 intervenit
969 1703 1061 1773 acati
1075 1699 1323 1800 exprobratio.

296 1800 907 1901 QuQuaeetquaatasitobligatio
946 1796 1326 1873 unlessariiaudiendi

247 1900 497 1997 poeaiteutes?
893 1914 901 1953 f

190 2018 240 2072 623
301 2024 320 2060 a
345 1996 452 2096 Resp.
476 2024 505 2068 r.
524 1998 652 2089 Quivis
666 1996 840 2071 Sacerdos
859 1999 969 2072 etiam
985 1990 1329 2095 simplex‚quaudb

247 2121 265 2156 s
297 2118 373 2164 non
395 2110 449 2167 est
473 2092 564 2165 alius
591 2112 753 2192 paratus,
771 2112 915 2169 tauetur
932 2097 970 2167 in
986 2110 1147 2169 extrema
1167 2094 1327 2165 necessi·

246 2217 266 2257 s
297 2205 368 2263 tata
384 2246 393 2277 ,
410 2219 443 2263 v.
461 2218 515 2291 gr.
537 2191 573 2261 iu
596 2193 761 2290 periculo
782 2197 905 2267 mortis
920 2192 1069 2276 audire,
1087 2189 1327 2265 etabsolrare

159 2292 162 2296 ’
248 2317 269 2358 s>
297 2290 477 2364 volentem
495 2290 660 2363 uorrfireri
693 2293 796 2365 Ratio
813 2307 867 2365 ast
886 2292 943 2365 lex
960 2291 1159 2366 charitatis.

297 2420 315 2452 ι
347 2390 451 2487 Resp.
479 2415 512 2460 2.
535 2389 740 2480 parochus,
760 2406 797 2463 at
825 2392 940 2490 quiris
970 2389 1145 2463 Sacerdos
1172 2402 1327 2461 curatus

247 2508 266 2552 s
297 2500 443 2561 tenetur
458 2486 591 2559 audire.
606 2489 872 2562 consessionem
889 2489 945 2561 sui
965 2488 1125 2574 subditi,
1144 2514 1218 2559 non
1240 2502 1325 2559 tan·

196 2589 201 2605 '
249 2614 268 2650 s
298 2584 375 2657 tiam
391 2591 427 2658 iu
442 2612 525 2659 casu
546 2589 790 2677 necessitatis,
807 2606 870 2660 aut
886 2604 1068 2687 praecepto
1085 2585 1325 2660 confessionis

248 2713 269 2751 s>
296 2700 467 2781 urgente,
484 2683 550 2756 sed
563 2686 691 2775 etiam,
707 2684 834 2759 saitem
853 2711 917 2782 per
931 2712 970 2757 se
984 2744 992 2768 ,
1008 2684 1064 2757 rel
1081 2684 1215 2773 alium,
1232 2710 1327 2784 quc·

249 2815 267 2846 υ
299 2785 364 2854 ties
381 2786 563 2881 poerritens
579 2780 615 2851 id
635 2784 899 2857 rationabiliter
918 2786 1008 2881 petit
1022 2812 1031 2872 3
1047 2810 1081 2855 v.
1100 2808 1152 2881 gr.
1169 2783 1201 2855 si
1219 2787 1265 2854 sit
1282 2784 1328 2858 in

248 2906 270 2950 u
299 2887 394 2977 gravi
421 2884 542 2980 aliqua
570 2879 782 2954 difficultate
808 2880 1009 2982 spirituali,
1041 2879 1099 2955 val
1125 2880 1212 2953 velit
1239 2908 1327 2980 pro·

249 3009 267 3042 a
299 2979 429 3053 mereri
456 2979 683 3062 inhibeam,
709 2997 787 3069 etc„
805 2986 890 3082 quia
918 2997 1061 3053 tenetur
1082 2984 1161 3078 ejus
1181 2979 1326 3054 bonum

247 3104 269 3145 u
298 3077 484 3175 spirituale
504 3104 724 3176 promovere.
741 3081 843 3152 Suar.
862 3080 974 3179 Vasq.
989 3081 1112 3177 bugu,
1131 3091 1201 3151 cte.
1222 3078 1259 3151 Si
1272 3093 1327 3151 ta·

251 3200 272 3243 r
298 3199 383 3247 men
409 3177 516 3249 nimis
543 3178 771 3277 frequenter,
803 3177 859 3249 rel
887 3173 1137 3277 intempestive
1158 3190 1324 3274 peteret,

249 3301 270 3340 a
297 3289 541 3348 excusaretur.
573 3280 694 3347 Avers.
724 3302 760 3375 q.
795 3274 837 3346 ¹6
859 3290 947 3349 sect.
973 3302 1025 3348 rs.
1043 3271 1198 3366 Quodsi
1216 3278 1328 3351 ctiam

248 3399 270 3439 u
298 3370 410 3444 semel
439 3372 605 3458 tantiam,
626 3371 682 3444 rel
706 3372 764 3445 bis
786 3389 949 3473 negaret,
969 3389 1031 3445 aut
1048 3372 1231 3465 differret,
1250 3402 1328 3449 uon

249 3498 266 3535 s
325 3486 534 3543 eccaturum
552 3475 706 3568 graviter
720 3468 798 3555 ,ub
817 3472 996 3545 levitatum
1016 3474 1198 3562 materiae,
1216 3473 1328 3548 docet

248 3597 270 3636 r>
298 3496 398 3642 guar.
422 3584 549 3643 corrtra
581 3570 716 3641 Bouac.
744 3569 988 3670 Adrnittitque
1017 3574 1151 3643 Aversa
1169 3569 1193 3642 l.
1214 3573 1273 3646 cit.
1295 3574 1328 3648 si

245 3696 263 3730 a
299 3691 374 3740 non
391 3682 489 3766 petat
507 3694 549 3743 ex
565 3669 709 3766 urgenti
722 3670 934 3756 occasione,
948 3695 982 3742 r.
1000 3694 1052 3770 gr.
1073 3660 1325 3745 soleninisies-

251 3791 271 3833 u
300 3765 351 3854 ti,
371 3784 440 3841 etc.
461 3766 477 3801 ⁸
497 3764 731 3860 (Videdicta
750 3766 820 3841 hoc
843 3766 1146 3859 lib.6n.58.)·

299 3896 319 3931 s
348 3865 454 3963 Resp.
468 3867 827 3964 3.Quoticscumque·
842 3869 1019 3963 poeuitaus
1040 3891 1085 3938 ex
1102 3888 1199 3936 mera
1217 3861 1328 3934 dero·

250 3992 267 4026 ¹·
299 3965 398 4037 tione
411 3962 490 4036 vult
504 3965 690 4047 confiteri,
708 3964 917 4043 Parucbum
932 3963 1045 4039 tenisi
1057 3963 1163 4037 illurn
1176 3961 1326 4050 audire,

249 4082 272 4132 s
299 4074 427 4138 contra
441 4064 537 4168 Sylv.
555 4064 640 4164 aeg.
653 4080 723 4141 etc.
738 4063 875 4141 ducent
886 4069 993 4142 tzor.
1009 4064 1113 4139 Suau-
1126 4064 1218 4139 Con.
1230 4060 1328 4139 Bon.
