2917 4709
194 220 277 322 Cap
292 232 335 298 ll.
356 227 444 298 nub.
464 229 509 299 V.
524 230 574 296 De
589 223 739 298 Ministro
759 226 855 319 hujus
868 218 1076 294 Sacrameutl.
1143 230 1186 318 95

91 341 197 429 verb,
217 344 359 442 quoties
382 369 447 415 sua
466 342 593 441 opinio
609 366 685 414 uon
701 355 756 414 est
772 339 959 414 evidenter
976 356 1088 428 certa,
1109 369 1185 416 non

92 446 244 541 potest(
260 452 301 514 ut
315 441 472 514 diximus
486 447 500 535 )
514 434 676 534 obligare
693 440 933 536 poenitentem
952 439 998 512 ad
1014 434 1117 513 illam
1130 458 1186 514 se-

95 540 317 639 quendum
338 537 437 613 unde
460 555 549 612 tunc
571 564 647 612 nou
671 536 794 610 solinu
818 552 961 638 potest,
988 536 1054 609 aed
1077 545 1186 614 etiarn

87 654 247 712 tenetur
266 666 353 714 eum
377 637 562 711 absolvere
580 692 589 722 ,
615 638 882 736 permittendo,
903 652 942 708 ut
959 636 1024 709 ille
1038 638 1185 737 opinio-

91 762 185 809 nem
210 765 313 810 suam
339 753 540 837 sequatur,
564 759 710 833 semper
734 761 776 807 ao
800 735 984 834 poeuitens
1006 761 1093 807 curn
1119 736 1186 815 illa

93 836 275 934 opinione
289 835 461 908 efformet
478 834 549 907 sibi
567 833 830 921 conscientiam
849 832 896 904 de
910 833 1100 917 honestate
1119 854 1202 907 coz,

91 937 210 1007 tionis
225 991 235 1022 ,
252 937 338 1034 quia
358 948 448 1006 tunc
466 940 539 1030 jam
562 935 646 1006 satia
670 948 725 1005 eat
741 931 960 1031 dispositus,
981 948 1018 1003 ct
1041 937 1098 1030 jus
1116 935 1185 1007 ha-

90 1029 162 1105 bet
175 1032 221 1104 ad
233 1031 502 1107 absolutionem
517 1056 582 1133 per
594 1030 870 1104 Confessionem
886 1043 1084 1130 peractam.
1212 1118 1216 1126 .

146 1134 197 1204 Et
213 1132 308 1205 hanc
331 1131 550 1204 sententiam
569 1129 697 1205 dicunt
712 1131 839 1229 Laym.
860 1127 886 1200 l.
907 1155 939 1202 c.
959 1131 1061 1225 Lugo
1079 1130 1118 1203 d.
1140 1130 1185 1203 23

93 1254 135 1302 n.
152 1229 393 1326 47.Busemb.
405 1228 471 1301 lib.
493 1255 506 1302 ι
526 1228 562 1302 d.
580 1255 600 1301 a
619 1254 656 1300 ιι.
676 1229 709 1301 3.
723 1225 856 1301 S'anch.
874 1226 900 1299 l.
918 1255 950 1301 ct
968 1255 1005 1299 n.
1022 1233 1082 1304 30.
1098 1255 1186 1304 cum

93 1328 246 1401 Valent.
270 1345 308 1402 et
324 1329 470 1400 Mance.
491 1352 533 1399 ac
556 1326 664 1399 Croix
687 1324 714 1398 l.
744 1351 756 1398 ι
788 1351 826 1397 n.
854 1327 938 1419 443.
964 1352 1052 1400 cum
1080 1326 1186 1405 Suar.

92 1425 259 1500 Carden.
277 1441 346 1500 etc.
367 1425 492 1499 locum
507 1422 666 1510 habere,
683 1424 821 1497 etilmoi
841 1422 1092 1498 Conleasarius
1109 1428 1187 1524 opi-

91 1526 249 1597 nionem
272 1525 483 1625 poenitentis
503 1526 555 1596 uti
574 1522 702 1595 falsam
723 1536 886 1610 teneret3
909 1550 993 1595 nam
1013 1527 1047 1596 si
1061 1526 1185 1625 opinio

89 1623 162 1696 illa
175 1622 327 1696 haberet
341 1622 502 1724 aliquam
516 1622 756 1693 existimatam
770 1620 1083 1719 probabilitatem,
1099 1641 1187 1719 puta

89 1724 165 1817 (ut
192 1723 245 1794 'ait
264 1721 447 1815 Sanchea)
464 1721 494 1793 ai
521 1718 722 1819 probabilis
741 1734 971 1817 reputaretur
993 1723 1088 1794 iuter
1103 1722 1184 1795 DD.
1235 1734 1242 1778 2

91 1819 261 1919 probatae
281 1820 528 1905 auctoritatis,
546 1834 582 1892 et
599 1823 778 1917 poenitens
799 1816 881 1889 vere
898 1835 1063 1891 censeret
1081 1819 1188 1894 illam

86 1945 176 1992 esee
194 1915 424 2018 probabilem
439 1973 448 2003 ‚
465 1934 557 1991 tunc
571 1943 647 1989 uon
664 1917 798 2016 poterit
807 1914 1058 1990 Confessarius
1074 1918 1107 1992 ei
1121 1919 1187 1991 de·

91 2042 230 2115 negare
264 2015 547 2115 absolutionem.
573 2015 678 2088 Idem
703 2015 810 2086 docet
835 2015 941 2087 Sotus
965 2013 1049 2088 loco
1074 2022 1186 2118 supra

92 2116 162 2189 cit.
178 2115 242 2189 ubi
256 2118 309 2189 sic
324 2117 394 2189 ait:
410 2114 496 2213 Quis
508 2112 681 2186 Sacerdos
690 2113 878 2200 existimet,
893 2112 1091 2209 opinionem
1105 2142 1192 2214 essa

92 2211 323 2305 falsam‚non
340 2229 458 2285 tamen
471 2212 552 2285 nde
564 2212 764 2285 exiatrinarc
782 2210 895 2301 debat,
916 2211 1067 2285 sibinen
1085 2213 1188 2285 licere

92 2312 212 2406 tjosum
238 2311 441 2398 absolvere,
467 2311 504 2382 si
517 2309 655 2410 qutilcm
670 2326 816 2407 propter
828 2308 1103 2406 probabilitatem
1122 2335 1190 2382 ea·

93 2409 273 2483 curabitur
287 2409 343 2480 illa
358 2411 382 2479 ὰ
399 2407 512 2504 aulea.
536 2408 615 2481 Hoc
632 2406 719 2479 verb
739 2425 818 2480 tum
843 2406 963 2481 saliam
987 2406 1187 2481 admitten-

92 2508 190 2582 dum
215 2523 324 2603 puto,
352 2533 437 2580 cum
462 2507 587 2605 opinio
610 2505 824 2605 poenitentis
851 2505 1050 2606 aliqualem
1076 2507 1188 2583 babet

125 2605 398 2683 robabilitatem
410 2661 419 2690 ‚
431 2606 480 2676 ita
497 2618 537 2676 ut
549 2603 800 2677 Confessarius
815 2661 824 2693 ,
837 2621 914 2678 esto
930 2631 1010 2677 eam
1030 2631 1105 2679 non
1122 2605 1189 2678 ba·

92 2634 183 2778 beat
204 2720 244 2778 ut
262 2702 379 2777 satiat
397 2700 645 2804 probabilem,
665 2719 786 2775 tamen
806 2729 881 2777 non
899 2718 1045 2802 reputet
1068 2698 1188 2785 ninni-

94 2803 147 2877 ιιὸ
161 2803 291 2875 falsam
305 2829 313 2889 ;
327 2808 418 2874 'nam
437 2814 586 2883 contra.
605 2802 635 2872 ai
647 2801 888 2875 confessarius
901 2802 1013 2875 babet
1032 2829 1099 2901 pro
1122 2825 1187 2879 aue

94 2902 276 3003 opinione
293 2901 524 3001 principium
533 2913 694 2987 certum,
711 2902 772 2972 cui
788 2899 937 2974 nullum
951 2896 1050 2974 ridet
1063 2916 1189 3002 patere

93 3026 337 3099 responsum,
354 3012 390 3072 et
408 2997 507 3073 clare
526 2998 727 3096 cognoscit,
745 2998 957 3097 opinionem
1001 3002 1187 3075 oenitentis

94 3100 294 3200 (quintrio
313 3099 423 3171 alicui
438 3099 519 3171 DD.
535 3121 617 3170 eam
635 3095 833 3194 tueantur)
850 3098 918 3170 niti
939 3025 1030 3169 fallo
1047 3097 1188 3172 lunda·

92 3215 242 3289 mento,
258 3223 299 3269 ac
320 3201 474 3269 rationes
492 3192 811 3368 illiusbprocedere
830 3222 873 3270 ex
892 3193 1014 3270 fallaci
1030 3201 1185 3297 aequiro-

95 3298 262 3385 eatione‚
276 3310 367 3370 tunc
385 3295 469 3367 dico
489 3318 577 3367 cum
623 3320 770 3380 averio,
789 3308 826 3367 et
839 3296 876 3369 S.
892 3296 1080 3369 Antonino
1095 3296 1186 3370 locis

90 3398 211 3494 snpra
229 3395 289 3468 cit.
303 3392 576 3471 Confessarium
593 3419 667 3467 uon
686 3419 794 3493 posse
810 3395 1052 3493 paenitentem
1070 3392 1186 3468 absol·

94 3520 204 3580 rere,
222 3484 333 3592 quein
348 3492 448 3565 videt
466 3492 700 3591 pertinaciter
725 3489 818 3564 velle
836 3492 941 3660 nepai
969 3493 1188 3589 opinionem

95 3592 288 3665 evidenter
302 3588 648 3664 erroneamUtrirm
664 3604 787 3662 autem
802 3591 881 3663 Con
897 3592 1050 3663 essarina
1066 3608 1187 3666 tenea·

95 3706 161 3765 tur
179 3700 336 3764 monere
348 3689 607 3788 poenitentem‚
620 3688 684 3802 qui
700 3690 737 3760 in
754 3684 937 3762 bonafide
954 3689 1039 3763 velit
1056 3693 1107 3762 uti
1122 3690 1188 3763 ali·

96 3791 174 3891 qua
203 3789 378 3889 opinione
405 3785 659 3886 improbabili,
675 3788 703 3858 si
725 3788 917 3886 praevidet,
945 3789 1188 3879 monitionem

95 3915 176 3963 non
192 3884 450 3988 profuturam?
468 3885 563 3960 Vide
584 3884 740 3959 dicenda
754 3915 791 3957 n.
808 3886 891 3959 610.

147 3984 356 4073 Caeterum,
383 4010 469 4058 cum
494 3998 680 4066 vertamur
709 3985 746 4057 in
774 3984 846 4058 hoc
872 3983 1011 4065 dubio,
1035 3980 1098 4054 ubi
1123 3980 1186 4058 alii

93 4084 182 4192 (aad
194 4085 321 4188 pauci)
334 4082 484 4175 dicunt,
502 4110 654 4187 peccare
670 4082 960 4175 confessarium,
978 4082 1009 4156 si
1022 4079 1187 4159 absolvat
