2917 4709
305 228 386 322 cap.
396 230 439 298 tt.
452 227 540 296 nun.
556 225 598 296 11.
614 227 666 297 De
681 181 1059 297 ffieremento'ordiniss
1093 221 1097 234 ’
1150 197 1216 314 δή

132 336 199 424 809
218 336 304 405 Dat.
325 362 356 405 ι.
372 340 429 405 An
446 341 595 429 ignorans
612 338 674 406 tate
688 352 791 405 vatum
808 351 947 406 teneatur
962 335 1217 408 adrastitatem?

265 424 350 490 nut.
370 446 401 492 n.
419 424 543 520 Aequi
560 426 708 515 expresse
728 425 822 493 nollet
834 432 1008 490 castitatem
1015 425 1155 491 vovere?

138 507 203 581 8ιο
228 507 327 599 Quid,
346 514 457 603 siquis
478 508 640 580 ordinante
657 513 780 579 sitanti
795 513 1053 578 urumratianr's?
1067 507 1116 575 Et
1128 505 1219 634 auid,

269 602 299 662 si
309 600 381 664 ante
387 598 608 687 pubertatem?
1139 647 1143 654 -

137 675 202 749 811
229 680 325 770 Quid,
343 687 372 749 si
385 682 545 750 ordinetur
559 683 599 749 ob
615 684 755 768 metum?
1113 739 1117 744 ,

139 766 203 836 Βιι
229 772 293 858 Qu.
318 769 352 836 5.
375 767 541 856 Quemadb
569 774 787 859 conjugatus,
813 780 973 836 constante
997 765 1221 849 Μαιιίιιιοιιίο,
1263 807 1268 816 -

264 859 365 946 possit
379 861 412 921 in
427 855 533 922 Sacris
554 855 719 922 ordinari?
735 851 825 921 Dub.
846 880 874 921 ι.
892 857 949 922 An
963 860 1053 922 istiu
1071 879 1156 922 uxor
1167 869 1222 923 te-

268 955 382 1008 neatur
402 941 593 1032 Religionem
607 940 785 1034 profiteri?
804 937 891 1013 Dub.
916 962 948 1009 n.
980 941 1038 1009 An
1053 943 1123 1008 talis
1138 962 1225 1009 uuor

267 1031 371 1117 possit
384 1028 526 1100 nubere?

146 1168 443 1299 Onnrnnrrnnnnr
462 1220 655 1297 unelibntirs
675 1222 794 1296 inesse
810 1220 865 1313 iis,
883 1221 947 1322 qui
964 1219 1010 1296 nd
1024 1219 1286 1330 eserenon-w

145 1318 250 1393 dines
262 1321 477 1408 ascendunt,
487 1321 689 1394 hebeturin
702 1320 1102 1421 pluribusssanenibun
1113 1337 1150 1393 et
1159 1326 1227 1420 sig·

141 1433 275 1494 nantes
285 1423 322 1491 in
332 1446 363 1496 e.
381 1447 392 1492 ι
408 1419 445 1493 d.
459 1419 639 1509 anubin.
651 1422 759 1518 Greg.
770 1421 1071 1519 siepraescripsit:
1082 1418 1227 1492 Nullum

132 1515 262 1609 jacere
277 1516 533 1589 Subdiaconum
548 1534 766 1614 presumant
785 1518 976 1614 Episcopi,
993 1517 1140 1615 1ιὶ.ιὶᾳυί
1156 1517 1229 1590 nic-

137 1627 258 1684 'rurum
275 1617 371 1686 caste
379 1615 599 1706 promiserim
613 1617 697 1712 quie
708 1617 823 1688 nullus
834 1616 887 1686 ad
900 1613 1126 1688 ministerium
1140 1615 1232 1689 alta·

144 1712 194 1782 ris
217 1714 381 1785 accedere
404 1712 525 1798 debet,
554 1716 628 1785 nisi
641 1711 747 1808 hujus
770 1712 917 1786 castitas
931 1715 1014 1785 ante
1031 1729 1231 1806 susceptam

146 1810 376 1881 ministeriam
374 1808 491 1900 fnen't
494 1811 656 1927 probata.
672 1814 721 1884 Et
734 1813 772 1884 in
783 1809 889 1884 trid.
902 1834 971 1883 ses.
985 1813 1031 1903 24
1048 1835 1128 1884 cen.
1142 1811 1231 1908 9sic

148 1907 342 1998 definitum
360 1926 437 1982 est:
459 1905 587 2008 Siquis
605 1908 757 1995 delectit,
779 1907 980 1981 Clenitosr‘n
999 1911 1109 1982 sacris
1126 1910 1233 1982 Ordi-

147 2005 251 2077 nibus
268 2007 501 2091 constitutas,
534 2008 591 2078 rel
603 2007 800 2104 Regulares
818 2007 1015 2078 castitatem
1031 2001 1236 2080 solemniter

142 2103 327 2201 proscissus
340 2161 349 2190 ‚
360 2131 471 2202 pesse
484 2104 751 2178 Matrimonium
770 2101 995 2190 contrahere,
1008 2122 1236 2178 contractum·

148 2225 214 2299 que
233 2201 382 2274 validum
406 2229 505 2290 esse,
534 2228 605 2276 nou
635 2200 796 2277 obstante
809 2204 884 2300 lege
899 2200 1161 2291 ecclesiastiea,
1182 2204 1241 2275 rel

152 2314 284 2375 rote...
302 2299 495 2374 anathema
512 2299 568 2375 sit.
623 2298 627 2314 ⁸
694 2309 700 2322 ’
1074 2360 1076 2363 .
1130 2343 1136 2353 ·

197 2399 257 2492 Ειι,
280 2425 354 2497 qun
382 2398 559 2487 habetur,
583 2397 686 2500 quod
709 2419 776 2497 per
803 2395 875 2473 tnle
902 2411 1029 2472 votnm
1047 2455 1057 2488 ‚
1078 2397 1235 2471 solemne

150 2494 312 2586 dietum,
339 2499 483 2570 irritum
504 2498 680 2571 reddatur
700 2498 976 2572 Matrimonium
1004 2512 1236 2568 contractum

150 2609 234 2691 post
259 2609 387 2680 votum
411 2621 453 2668 ex
478 2621 511 2669 e.
543 2624 605 2669 un.
628 2595 674 2668 de
687 2593 806 2684 Veto,
835 2612 872 2667 et
899 2597 974 2666 voti
988 2594 1066 2669 red.
1087 2597 1123 2666 in
1142 2595 1178 2667 6.
1197 2595 1236 2666 Si

153 2690 243 2761 vern
266 2697 481 2788 eonjugium
507 2708 560 2767 est
583 2692 838 2767 antecedenter
854 2708 1109 2781 contractum,
1126 2691 1237 2765 Orti-

154 2802 263 2861 nntus
283 2804 405 2888 potest
430 2790 611 2881 reddere,
639 2790 707 2864 sed
742 2817 817 2866 nnn
846 2809 982 2890 petere.
1012 2794 1060 2863 Et
1084 2798 1237 2888 insuper

152 2888 296 2984 quoties
316 2891 517 2961 castitatem
533 2887 702 2975 violabit,
718 2890 826 2963 toties
843 2914 993 2989 qunque
1004 2889 1236 2987 sacrilegium

150 2991 372 3062 committet.
393 2987 489 3059 Vide
509 2986 619 3064 Salm.
640 3012 672 3060 e.
692 2984 718 3059 6
737 3015 777 3058 n.
796 3014 830 3061 2.

201 3088 321 3180 Qnoer.
356 3113 385 3159 ι.
410 3090 468 3159 An
496 3085 574 3160 hee
602 3082 779 3185 obligatio
799 3081 992 3159 coeiibattis
1022 3082 1069 3157 sit
1092 3081 1139 3156 de
1157 3084 1238 3181 lure

154 3183 303 3268 divino,
320 3186 368 3256 iet
386 3199 428 3258 nt
449 3188 544 3280 Papa
565 3199 726 3285 nequent
747 3188 786 3256 in
813 3210 854 3256 en
872 3184 1083 3281 dispensare
1098 3180 1113 3253 i
1127 3168 1295 3262 nnn-⁸⁰²

154 3295 258 3354 ment
273 3284 408 3380 Major,
427 3281 644 3368 Veldensis‚
662 3298 731 3355 ete.
753 3281 851 3381 apud
867 3281 982 3355 Salm.
1003 3307 1036 3355 e.
1050 3279 1076 3354 6
1092 3307 1129 3352 n.
1146 3305 1182 3379 9.
1203 3296 1242 3353 et

156 3379 347 3473 probabile
371 3384 606 3478 putat'Azor.
627 3380 699 3455 Sed
724 3379 926 3454 dicendum
946 3405 1034 3454 eum
1048 3380 1243 3453 communi

140 3479 235 3552 Di).
257 3479 432 3576 (preciso
452 3495 556 3572 vnto)
574 3506 649 3554 ιιοιι
665 3506 742 3553 esse
754 3477 801 3553 de
817 3485 897 3579 jure
911 3477 1060 3563 divino,
1079 3476 1144 3549 sed
1161 3491 1245 3551 tan·

155 3575 238 3649 tiun
265 3577 529 3663 ecclesiastico,
558 3578 658 3678 quod
684 3578 841 3653 ministri
870 3577 1029 3651 ordinati
1054 3578 1093 3649 in
1119 3579 1246 3647 saeris

158 3674 375 3771 obligentur
396 3673 443 3746 nd
468 3679 696 3768 castitatem,
721 3678 775 3749 vel
803 3676 849 3749 ab
875 3673 1070 3757 Ecclesia,
1100 3673 1155 3768 yel
1175 3697 1248 3843 ger

157 3788 286 3847 votum
303 3770 507 3846 Ordinibus
525 3799 726 3865 annexum
745 3788 782 3847 et
794 3772 878 3847 iden
900 3773 998 3847 recte
1015 3774 1054 3845 in
1068 3771 1173 3845 heco
1201 3773 1247 3843 li-

136 3891 143 3922 ·'
160 3875 307 3969 gntinne
329 3885 445 3970 potest
460 3872 627 3946 Ecclesia
641 3897 726 3947 eum
742 3875 793 3947 eis
813 3872 1040 3970 dispensare.
1060 3873 1112 3944 ite
1126 3870 1161 3943 S.
1175 3868 1249 3953 Th,

162 3993 195 4040 2.
221 3995 241 4040 2
268 3997 306 4069 q.
328 3971 376 4042 88
403 3984 470 4064 ert.
494 3996 548 4046 rr.
574 3971 688 4069 Cejet.
715 3971 790 4046 Sot.
820 3970 955 4044 Saneh.
979 3971 1058 4044 Die.
1078 3984 1251 4044 emerim

114 4073 118 4080 '
161 4063 275 4142 Salm.
300 4095 335 4143 c.
357 4067 382 4142 6
402 4097 441 4144 ιι.
472 4095 527 4147 ιι.
548 4069 612 4172 qui
633 4070 743 4173 plura
760 4070 977 4172 hujusmodi
996 4067 1166 4170 exempla
1184 4065 1255 4141 eda
