2917 4709
210 231 268 275 no
309 208 383 275 lib.
401 206 459 276 Vl.
477 206 595 275 Tsnct.
611 208 670 275 IV.
694 210 743 276 De
758 207 961 277 sacramento
977 208 1184 277 Punitentiae.

208 319 287 393 susis
309 318 454 419 probat,
471 317 574 489 (pund
597 343 641 391 eo
660 345 746 393 casu
767 335 958 395 censeatur
982 318 1133 394 omnini>
1147 344 1291 395 cessare

208 416 284 508 lex,
337 445 382 490 na
410 443 474 515 pro
506 417 625 490 ibetur
644 417 715 490 tale
731 420 943 518 coniugium
958 419 1146 508 contrahi;
1168 420 1290 492 omnis

208 446 383 589 enimlex
400 530 468 613 gut
483 517 558 612 ait)
577 514 769 589 ordinatur
788 518 835 589 ed
852 517 993 591 bonum
1014 516 1227 615 publicum,
1248 530 1291 590 ut

207 618 330 688 revera
347 631 401 688 est
423 639 620 686 commune
639 613 740 712 opud
764 641 890 689 omnes
912 641 956 689 ex
979 642 1010 687 c.
1031 642 1050 687 2
1070 615 1115 690 de
1135 615 1295 689 Obserr..

207 714 329 812 leiuu
341 712 403 785 ubi
422 712 568 800 dicitur,
587 713 689 882 (pund
702 715 894 787 necessitas
910 729 1030 787 careat
1042 714 1133 814 lege,
1147 729 1183 787 et
1199 740 1244 787 ex
1256 740 1288 787 c.

209 838 232 885 2
250 812 333 884 dist.
358 814 381 906 4
404 811 467 883 ubi
487 811 523 883 S.
543 812 590 885 Isi
618 837 701 884 orus
722 812 797 884 ait:
814 814 1097 885 Ert'tnutemlex
1115 812 1291 898 honesta,

203 908 381 1005 possibilis
403 912 591 982 secundum
616 925 802 996 naturam,
831 911 1137 1009 locoiemponipne
1159 937 1292 982 rorave-

208 1009 334 1093 niens,
352 1008 461 1095 un'lis,
477 1005 668 1085 manz'festa
687 1034 822 1107 quoqne
844 1026 907 1081 etc.
929 1006 1038 1083 Undis
1058 1008 1209 1107 quando
1231 1008 1291 1083 lex

206 1106 328 1180 evadit
343 1109 565 1205 perniciosa,
580 1109 632 1179 uti
661 1133 706 1179 ue
718 1132 793 1180 non
807 1107 965 1204 obligat,
984 1121 1023 1178 ut
1039 1106 1147 1180 docet
1158 1108 1203 1179 D.
1219 1107 1291 1180 Th.

209 1231 244 1277 a.
267 1229 300 1275 a.
317 1230 380 1304 qu.
411 1231 474 1277 120
497 1218 564 1278 art.
594 1233 606 1277 1
633 1232 653 1276 n
683 1203 826 1295 idiote,
851 1204 951 1305 quod
971 1230 1056 1277 cum
1072 1203 1216 1304 aliquid
1237 1219 1291 1295 est

210 1316 336 1376 contra
356 1329 553 1375 commune
569 1300 709 1379 honum
722 1358 731 1391 ,
746 1306 874 1387 maliem
892 1319 947 1377 est
962 1304 1063 1397 sequi
1071 1304 1180 1400 legem
1191 1303 1291 1398 posi·

208 1417 280 1472 tam
293 1458 301 1485 ,
314 1400 418 1475 Idem
435 1403 548 1498 Caiet.
562 1400 612 1475 ib.
630 1402 718 1475 Nav.
735 1428 768 1475 c.
791 1404 833 1477 16
849 1429 886 1476 n.
902 1404 960 1498 37.
978 1401 1062 1474 Soto
1080 1401 1125 1473 de
1142 1402 1234 1475 Just.
1278 1452 1289 1473 .

208 1499 234 1570 6
253 1515 321 1572 ort.
342 1504 378 1574 8.
394 1500 471 1597 Pig.
495 1516 520 1573 t.
546 1500 581 1573 3.
598 1498 763 1572 Consult.
781 1500 826 1572 33
848 1526 885 1573 n.
903 1499 924 1573 5
950 1526 1036 1574 cum
1052 1496 1179 1577 Coton.
1198 1427 1288 1575 Led.

210 1612 246 1670 et
261 1596 340 1670 aliis
360 1600 493 1696 passim
507 1624 517 1688 ;
533 1597 630 1671 idem
649 1597 760 1671 Salm.
777 1597 923 1695 deLeg.
939 1624 971 1670 c.
1000 1625 1012 1670 1
1042 1625 1080 1669 11.
1108 1600 1146 1672 15
1162 1612 1198 1671 et
1211 1597 1292 1674 Pal.

209 1711 253 1768 tr.
272 1696 294 1769 3
311 1723 349 1795 p.
371 1724 381 1767 ι
406 1723 442 1769 11.
456 1700 480 1791 4
496 1752 505 1780 ,
524 1699 586 1796 qui
602 1694 732 1794 probet
746 1722 831 1771 cum
845 1695 948 1771 Suar.
966 1697 1058 1770 Bon.
1074 1695 1160 1769 Vas.
1180 1698 1294 1771 etSe-

207 1794 281 1880 las,
299 1792 402 1892 quod
416 1793 474 1869 lex
487 1794 586 1868 bono
600 1797 787 1868 communi
805 1822 879 1869 non
891 1797 1129 1877 conveniens,
1153 1821 1227 1867 non
1243 1797 1294 1869 sit

210 1891 290 1980 lex,
309 1890 430 1992 nequis
449 1892 708 1993 obligationem
726 1893 890 1969 inducat.
916 1896 964 1968 Et
981 1892 1066 1966 idei)
1083 1895 1293 1989 aitPignat·

210 1988 342 2082 tellus,
363 2006 452 2067 tnnc
471 1992 584 2065 alium
602 1992 811 2066 inferiorem
828 1991 1033 2091 legislatore
1051 2016 1157 2092 posse
1173 1990 1293 2068 decla·

211 2113 309 2173 rore,
331 2087 436 2187 quod
451 2089 508 2163 lex
534 2090 789 2188 impedimenti
808 2105 948 2176 cesset,
974 2106 1011 2162 et
1033 2114 1110 2165 non
1132 2090 1292 2188 obligetz

211 2212 298 2262 com
320 2187 359 2259 in
377 2212 421 2260 eo
440 2212 539 2276 casu,
557 2189 588 2261 si
604 2187 726 2262 odhirc
742 2187 909 2262 Pontifex
928 2187 1050 2273 vellet,
1061 2188 1179 2287 legem
1198 2188 1293 2262 obli·

210 2310 306 2381 gare,
317 2284 398 2358 talis
411 2285 581 2360 voluntas
597 2287 797 2383 respiceret
808 2287 960 2373 malum,
977 2288 1062 2384 quia
1078 2304 1170 2361 esset
1183 2314 1293 2363 cause

210 2382 400 2469 scandali,
427 2385 530 2484 quod
555 2400 706 2460 nonest
734 2386 1046 2482 presumendum.
1071 2385 1182 2460 Undis
1204 2385 1294 2461 dicit

211 2481 326 2556 Rene.
343 2510 376 2580 p.
397 2487 675 2584 172q.n(cuju's
685 2485 897 2584 opinionem
908 2485 1106 2579 aitAnctor
1117 2484 1290 2557 Instrnot..

215 2606 280 2679 pro
299 2581 398 2654 novis
413 2581 616 2657 Confessar.
634 2609 672 2683 p.
687 2610 708 2656 2
724 2584 829 2661 mia
847 2610 889 2657 ex
901 2582 1084 2667 Jordano,
1098 2597 1134 2654 et
1147 2583 1292 2681 Pignat.

213 2681 805 2781 utsupri,nonessorejiciendam
816 2697 888 2754 tam
918 2686 1001 2756 nim
1012 2679 1295 2778 improbabilem

211 2793 248 2850 et
267 2803 342 2851 non
361 2792 475 2852 tutam
493 2780 531 2852 in
552 2783 678 2879 praxi)
699 2780 799 2880 quod
814 2839 822 2867 ,
839 2782 869 2853 si
883 2707 1083 2879 aliquandi>
1101 2804 1168 2854 nec
1182 2780 1294 2855 etiaim

211 2875 260 2950 ad
283 2877 513 2977 Episcopum
535 2878 655 2952 aditus
676 2893 839 2979 pateret,
862 2893 899 2951 et
926 2876 1030 2952 nullo
1057 2877 1169 2952 modo
1188 2878 1294 2952 aliter

209 2975 316 3048 vitari
371 2991 468 3049 osset
498 2978 747 3075 granosimum
773 2975 981 3079 periculum
1011 2977 1200 3061 inlamiae,
1230 2989 1294 3049 aut

211 3002 396 3161 scandali,
415 3071 740 3175 possevPerochus
769 3078 824 3149 vel
849 3074 942 3151 alius
960 3073 1209 3153 Confessarius
1232 3074 1294 3148 de·

212 3172 372 3259 clarere,
397 3173 498 3272 quod
514 3168 572 3253 lex
591 3172 847 3274 impedimenti
863 3199 907 3248 eo
930 3200 1016 3271 casu
1036 3200 1110 3248 non
1129 3172 1290 3269 obliget,

213 3271 299 3370 quia
313 3269 440 3343 endem
459 3274 549 3351 ratio
563 3273 578 3363 (
590 3287 630 3347 ut
645 3277 778 3393 sopri)
795 3289 886 3347 tunc
903 3285 1026 3370 urget,
1043 3271 1176 3369 nempe
1191 3271 1294 3372 quod

212 3385 328 3444 cesset
341 3369 420 3460 lex,
438 3369 588 3471 quando
610 3373 729 3467 potius
749 3386 802 3445 est
822 3371 969 3455 nocivo,
985 3373 1099 3470 quim
1113 3368 1224 3444 utilis.
1244 3373 1294 3443 Et

211 3468 301 3543 licet
312 3466 375 3542 hle
390 3494 463 3542 non
479 3483 594 3544 cesset
608 3471 689 3545 linis
703 3469 791 3569 legis
805 3470 841 3542 in
858 3472 1065 3553 communi,
1082 3468 1149 3539 sed
1161 3470 1199 3540 in
1211 3490 1294 3568 par·

206 3566 376 3649 -ticulari,
397 3593 483 3640 cnm
503 3583 624 3642 tamen
643 3584 757 3643 cessat
773 3569 856 3642 finis
882 3567 968 3663 legis
989 3568 1026 3643 in
1043 3569 1293 3651 contrarium,

212 3666 272 3742 lex
287 3667 395 3739 etiem
414 3681 551 3755 cessat,
570 3682 612 3740 ut
630 3692 757 3740 omnes
777 3667 1001 3741 conveniunt
1018 3690 1105 3741 cum
1119 3665 1230 3737 Salm.
1247 3664 1295 3738 de

212 3768 298 3864 Leg.
316 3791 350 3840 c.
370 3767 394 3858 4
413 3791 451 3838 n.
472 3766 509 3839 6.
526 3766 661 3839 No¹ant
675 3781 798 3839 tamen
818 3764 958 3861 praefati
975 3766 1164 3849 doctores,
1178 3761 1293 3861 quod,

214 3878 291 3936 esto
308 3878 395 3935 tuno
412 3864 643 3963 permittatur
659 3864 825 3938 contrahi
844 3862 1115 3940 Matrimonium
1137 3917 1145 3946 ,
1170 3876 1294 3935 tamen

214 3963 432 4059 quantocius
449 3961 608 4059 (saltem
634 3962 682 4036 ad
708 3966 883 4060 mojorem
905 3960 1159 4043 securitatem,
1184 3974 1219 4032 et
1246 3956 1295 4031 ad
1360 4000 1368 4027 .-

212 4058 427 4140 novandam
445 4064 685 4143 reverentiam
700 4059 840 4166 legibus
857 4059 1029 4143 Ecclesie
1046 4056 1228 4156 debitam)
1242 4080 1295 4153 ret
