2917 4709
251 243 315 334 590
464 240 538 312 Lib.
556 245 615 315 v1.
631 245 742 333 fl'raet.
758 243 819 314 Vl.
837 244 888 317 De
901 241 1122 319 Memnonis.

250 353 439 451 amplexus
456 359 555 454 juxti
572 361 717 430 'morem
731 354 1076 455 patriaenliquuudb
1092 352 1236 453 sponsis
1255 370 1340 451 per·

251 456 346 526 mitti
364 455 525 553 possint:
542 454 693 527 sednon
711 458 815 528 aliter
830 448 938 552 quiin
954 451 1086 527 solutis
1115 449 1338 550 permittun-

250 568 323 625 tur.
344 555 393 625 Et
416 552 487 624 hoc
507 566 561 625 est
581 550 795 650 probabile,
815 549 927 625 modd
945 550 1033 625 tales
1050 566 1244 627 ectusnon
1261 553 1341 624 siut

280 651 379 738 rossi,
393 668 428 722 et
440 676 503 748 per
517 651 670 748 uliqufd
684 665 829 749 tempus
870 650 1011 741 rotacti,
1023 645 1167 743 utboni
1177 632 1339 723 advertit

252 679 410 846 lloucag.
431 749 455 849 1.Ι
478 776 509 822 c.
531 751 594 847 qui
609 750 716 822 etiim
736 774 796 823 eos
814 678 976 823 admittit
1000 747 1048 821 ad
1072 746 1338 823 benevolentias

251 845 638 922 demonstrationem:
666 847 732 921 sed
766 873 832 947 ego
873 872 948 920 non
977 846 1238 935 admitterem,
1267 845 1339 920 uisi

253 972 275 1015 u
290 950 317 1014 >i
345 944 424 1017 talis
447 950 581 1041 vigeret
606 973 717 1027 usus,
742 962 783 1019 ut
800 945 908 1018 etibm
934 946 984 1019 ait
1006 945 1169 1020 Mauors.
1190 944 1216 1017 l.
1241 968 1272 1016 c.
1289 943 1337 1017 Id

253 1060 374 1114 autem
393 1101 403 1130 ,
424 1044 525 1140 quod
548 1045 678 1119 dieunt
695 1043 877 1135 Busemb„
895 1042 921 1116 l.
942 1044 965 1127 3
991 1044 1115 1137 mdis
1139 1055 1176 1115 et
1193 1042 1338 1117 hessius

253 1140 320 1213 lib.
345 1145 366 1238 4
392 1165 427 1212 n.
455 1143 556 1215 sun
583 1144 630 1241 59
651 1167 739 1216 cum
762 1142 849 1216 Nar.
870 1138 955 1215 Tol.
979 1141 1095 1239 Caiet.
1112 1155 1182 1213 eto.
1200 1139 1339 1239 nempe

254 1237 354 1333 quiid
374 1241 516 1337 sponsis
543 1238 677 1322 liceant
695 1257 811 1330 tactus
830 1238 982 1338 pudici,
1000 1240 1029 1311 si
1056 1238 1250 1313 intendant
1269 1237 1339 1311 de·

251 1334 485 1410 lactationem
505 1337 650 1410 tantbm
669 1340 899 1426 sensitivam,
918 1332 1022 1411 secius
1040 1334 1154 1427 verb,
1173 1337 1202 1409 si
1229 1359 1340 1409 vene·

251 1446 374 1523 ream,
395 1435 494 1508 reete
513 1442 615 1532 ajunt
639 1438 754 1510 Ronc.
771 1434 819 1509 ib.
836 1452 873 1511 et
890 1436 998 1519 Croix
1013 1435 1050 1508 d.
1070 1463 1107 1510 n.
1133 1435 1196 1508 151
1215 1434 1254 1509 in
1272 1435 1338 1511 lin.

251 1550 326 1607 nou
350 1560 427 1608 esse
453 1534 614 1633 practice
642 1533 855 1632 probabile,
878 1538 964 1635 quia
987 1531 1173 1607 ordinarie
1193 1556 1344 1631 semper:

252 1632 369 1707 a'd'erit
394 1648 534 1704 certum
558 1633 765 1733 periculum
789 1628 1042 1707 consentiendi
1068 1635 1105 1703 in
1132 1629 1341 1707 delectatio·

212 1744 215 1749 '
251 1757 339 1805 nem
364 1743 577 1821 terreream,
599 1758 685 1805 cum
705 1732 876 1815 sensitiva
894 1737 968 1805 tim
988 1735 1241 1830 conjunctam.
1256 1730 1342 1821 Qua

252 1833 394 1903 ratione
422 1824 603 1927 spectitat,
632 1831 750 1930 prima
780 1832 888 1904 etium
916 1830 1095 1903 sententia
1126 1852 1194 1901 nee
1227 1835 1353 1923 preci

252 1924 326 2001 tice
346 1927 546 2026 probabilis
562 1936 646 2011 'estr
668 1931 753 2031 quia
772 1931 810 2009 in
831 1929 980 2002 materis
997 1932 1074 1999 tim
1092 1924 1194 2001 labili
1216 1950 1344 1999 moru-

252 2024 338 2098 lite'r
358 2041 412 2098 est
427 2018 706 2124 impossibilein
729 2014 860 2100 talibus
883 2028 1048 2107 actibus,
1075 2027 1184 2098 causd
1204 2025 1345 2123 volup-

252 2126 336 2196 tatis
355 2124 488 2197 habitis
506 2181 514 2207 ‚
533 2153 571 2197 se
590 2127 812 2217 continereir
831 2152 905 2198 non
922 2122 1081 2198 labendo
1102 2125 1141 2195 in
1159 2120 1342 2218 pollutiu-

251 2222 368 2305 nemss
390 2221 447 2294 rel
472 2223 616 2322 copule
641 2226 874 2297 eonsensum.
903 2226 957 2297 An
983 2237 1105 2299 eutem
1126 2220 1272 2319 sponsis
1292 2221 1346 2295 li·

252 2314 334 2392 cea't
351 2316 525 2394 delectari
545 2321 591 2394 de
608 2314 741 2419 'copula
759 2318 881 2394 futura
895 2321 911 2393 i
925 2316 1022 2394 Vide
1039 2319 1135 2394 dieta
1155 2318 1182 2391 l.
1197 2318 1219 2395 5
1238 2318 1275 2391 d.
1291 2321 1342 2412 24

251 2419 317 2491 ubi
335 2420 550 2491 sententiam
566 2422 768 2519 negativam
785 2424 800 2515 (
815 2424 941 2493 contri
957 2420 1093 2493 Bonae.
1112 2416 1222 2490 Sulm.
1242 2417 1343 2515 etc.)

254 2516 408 2589 omnini)
431 2517 628 2591 tenendum
656 2517 815 2592 diximus
840 2544 924 2590 cum
947 2516 1096 2591 Holzm.
1116 2514 1194 2589 Pal.
1212 2518 1342 2617 Laym.

254 2616 387 2688 Seneb'.
408 2617 524 2690 Rouc.
548 2632 616 2689 etc.
636 2616 771 2717 quibus
790 2615 886 2693 adde
904 2616 1071 2690 Lessium
1088 2612 1156 2691 lib.
1173 2613 1251 2709 dn.
1275 2638 1345 2689 120

253 2717 459 2827 et‘Mazzo't.
480 2722 569 2789 tom.
588 2718 609 2809 4
629 2741 665 2815 p.
690 2739 768 2814 ¹7⁰·
796 2785 802 2789 ,

654 2862 848 2938 ouunnu
873 2860 937 2935 nr.
1033 2820 1038 2841 '

270 3028 273 3035 ’
367 2970 373 3003 ³
404 2997 634 3123 Quomodo
655 2976 929 3089 dissolvaniui
949 2997 1187 3113 sponsalia?
1210 3020 1215 3033 '

214 3140 219 3161 '
253 3155 319 3231 ⁸55
340 3157 510 3227 Solvuntur
522 3163 683 3251 sponsalia
698 3160 729 3230 I.
747 3158 814 3231 Per
827 3162 1070 3230 Matrimonium
1084 3183 1155 3227 curn
1168 3159 1246 3231 aba.
1263 3156 1344 3249 (Vi-

383 3246 424 3311 de
445 3249 539 3319 eti'am
560 3250 680 3319 deboc
700 3272 736 3317 n.
759 3249 859 3339 875.)
880 3250 929 3315 II.
956 3246 1023 3315 Per
1037 3264 1183 3313 mutuum
1201 3268 1343 3312 eonsen-

383 3353 450 3398 sum
466 3338 545 3400 inter
554 3336 700 3427 puberes.
717 3333 822 3422 Quid,
835 3339 866 3400 si
878 3334 1173 3427 spornaliafiterint
1183 3331 1320 3419 jurata?

253 3412 318 3482 856
343 3415 505 3502 Quomodb
523 3436 625 3495 autern
639 3424 803 3488 solvantur
816 3425 896 3489 inter
909 3418 1079 3509 impuberes
1089 3423 1112 3483 θ
1125 3414 1228 3509 Quid,
1238 3419 1344 3508 siipsi

363 3516 366 3521 '
376 3507 552 3589 juramento
564 3511 762 3595 promiserint
778 3505 928 3594 nuptias?

252 3584 315 3675 857
339 3590 408 3656 ΙΙΙ.
428 3590 492 3657 Per
504 3595 770 3683 impedimentum
785 3596 938 3663 dirimens
952 3594 1180 3679 superueniens.
1198 3587 1284 3659 Dub.
1305 3613 1338 3657 1.

382 3674 439 3742 An
451 3692 521 3744 tune
537 3681 698 3767 sponsalia
711 3680 897 3746 dirimantur
911 3682 1059 3747 etidmex'
1067 3691 1157 3766 parte
1173 3678 1309 3743 nocentis
1323 3674 1341 3743 l

253 3757 318 3831 858
340 3762 424 3828 Dub.
443 3786 474 3831 u.
492 3766 549 3830 An
566 3760 678 3832 noeens
690 3779 831 3832 teneatur
842 3779 947 3853 petere
961 3764 1220 3851 dispensationem
1235 3764 1251 3825 Ρ

252 3844 319 3931 859
341 3843 425 3915 Dnb.
442 3850 476 3917 5.
498 3855 555 3918 An
569 3857 738 3918 contractis
753 3851 948 3941 sponsalibus
964 3872 1033 3916 curn
1051 3849 1263 3939 inpedimento
1279 3844 1344 3914 sub

382 3937 559 4005 conuiitione
573 3935 836 4029 dispensationis,
851 3943 892 4007 ed
905 3938 1046 4025 oltentd,
1058 3958 1120 4028 per
1131 3958 1167 4004 re
1182 3935 1345 4003 ualeant?

252 4019 319 4097 860,
338 4020 405 4101 IV.
423 4023 489 4091 Per
505 4026 623 4092 crimen
640 4024 785 4093 ulterius.
946 4066 951 4081 ·
1003 4094 1005 4097 .

251 4105 313 4174 8151
337 4111 387 4173 An
396 4112 724 4202 solvantur-sponsalia
731 4133 789 4200 per
784 4113 1035 4202 fornicationem
1044 4108 1225 4185 alterutrim
1235 4127 1342 4194 spon·-

370 4194 428 4264 'tii
443 4196 529 4270 ont.
548 4222 580 4269 ι.
596 4196 686 4291 Quid
693 4243 707 4289 ,
721 4201 753 4268 si
773 4198 1003 4291 spomsuerit
1013 4216 1075 4292 per
1087 4199 1147 4268 vin
1158 4213 1311 4287 oppresse
1327 4188 1345 4261 l
