2917 4709
401 152 701 246 capannam·
718 155 1002 248 DeSponsalibus.
1173 155 1237 241 413

157 263 394 366 preferenda.
425 269 527 344 Ratio
553 268 643 356 alia,
668 294 780 367 quam
801 267 1034 344 communius
1055 264 1238 354 tradunt„

159 380 235 447 est,
252 367 336 466 quia
354 366 549 463 promissio
567 368 794 468 sponsalium
807 384 976 441 censetur
992 393 1136 465 semper
1146 367 1240 457 lacta

158 462 228 538 sub
258 462 496 557 conditione,
522 466 590 539 nisi
620 466 751 541 melior
782 480 897 541 status
921 465 1088 565 eligatur.
1121 463 1240 565 ldqne
1269 518 1274 529 ,

156 563 279 636 valere
299 560 447 661 dieunt,
467 567 611 638 etibmsi
629 564 964 665 sponsalia-luerint
986 559 1130 664 jurata,
1151 565 1239 660 quia

158 662 174 755 (
191 676 229 732 ut
247 661 384 761 pluries
408 667 518 760 suprb
537 663 678 739 dictum
701 668 1052 762 est)jnra1nentum
1073 664 1240 765 sequitur

159 776 328 835 naturam
355 760 576 837 contractius.
595 763 644 835 Et
666 762 769 856 adest
792 765 899 835 etibrn
929 762 975 835 de
1001 763 1072 851 boo
1094 762 1242 836 Deoiaio

158 858 196 929 S.
208 861 253 933 Ὀ.
266 857 493 958 Conc.apud
504 860 643 934 Pitton.
660 860 708 933 de
721 861 824 934 Matr.
840 887 878 936 n.
894 861 1097 935 aSrdedita
1112 863 1133 933 5
1147 885 1242 934 mar·

159 957 201 1029 tii
218 984 277 1030 an.
300 957 476 1056 r7or,ubi
490 958 630 1031 dictum
647 958 728 1041 suit,
741 975 864 1033 votnm
882 959 1068 1044 castitatis,
1086 975 1150 1029 sut
1162 984 1242 1033 sus·

152 1054 322 1153 'eripiendi
354 1058 483 1130 Sacros
515 1058 691 1140 Ordines,
722 1083 788 1156 per
817 1056 1043 1131 electionem
1076 1056 1240 1129 melioris

155 1152 274 1251 ⁴statiis
288 1155 428 1228 irritare
442 1156 624 1254 sponsalia
641 1160 748 1230 etibm
769 1161 976 1256 juramento
988 1157 1147 1245 firmata.
1164 1153 1241 1237 Neu

146 1251 303 1326 ,officere
323 1256 428 1352 ajunt
449 1254 637 1353 praelatum
657 1270 794 1345 textum
816 1254 854 1327 in
873 1281 950 1353 cap.
972 1255 1157 1343 Veniens,
1178 1252 1244 1326 ubi

163 1349 300 1427 dicitur
313 1352 442 1448 deside
460 1356 617 1442 mentita,
630 1378 674 1426 ex
692 1380 765 1453 quo
783 1352 1173 1450 Adversariiargunnt,
1194 1350 1243 1425 it·

161 1448 262 1522 licite
278 1451 470 1525 mulierem
487 1453 622 1525 vovisse
642 1455 844 1526 castitatem
865 1476 931 1549 per
945 1450 1132 1549 sponsalia
1153 1476 1252 1524 conv·

160 1563 297 1637 tracta;
316 1574 398 1621 nam
446 1549 657 1645 robabiliter
681 1549 877 1649 respondet
897 1551 1003 1633 Pont
1026 1548 1051 1621 l.
1070 1576 1102 1622 o.
1125 1575 1189 1625 nu.
1206 1549 1245 1637 5,.

162 1647 301 1745 Papam
325 1649 377 1719 sio
401 1575 532 1722 dixisse
553 1705 561 1731 ‚
585 1651 671 1748 qnia
696 1649 872 1746 agebatur
895 1648 940 1720 de
965 1648 1043 1722 loro
1064 1661 1213 1725 externo
1233 1671 1244 1739 ς

163 1770 251 1817 cum
272 1745 371 1823 enim
390 1762 513 1818 votum
535 1747 886 1830 rarissimarum,
909 1761 947 1818 et
963 1745 1146 1846 sponsalia
1172 1774 1244 1844 pn·

162 1840 259 1916 blica
275 1899 285 1932 ,
302 1842 348 1916 de
369 1844 424 1916 his
440 1845 597 1943 quidem·
606 1844 797 1921 constabat
813 1902 823 1935 ,
841 1870 916 1918 non
934 1860 1057 1935 autem
1074 1845 1120 1933 de
1133 1860 1245 1932 voto;

162 1941 264 2016 unde
287 1942 333 2014 de
356 1940 433 2017 soro
449 1959 597 2017 externo
617 1944 749 2021 meritb
772 1942 999 2019 censendam
1017 1940 1246 2025 erat‚fidem

163 2038 273 2117 fuisse
294 2038 478 2137 violatam.
502 2042 596 2115 Item
618 2042 842 2142 respondent
859 2043 1003 2116 Petroc.
1022 2058 1059 2113 et
1075 2040 1190 2117 Cone.
1208 2055 1248 2115 et

163 2137 257 2213 forte
275 2137 418 2223 melibs,
432 2140 533 2238 quod
548 2139 630 2215 ideb
644 2142 812 2217 Pontifex
827 2141 1017 2217 foeminam
1030 2138 1248 2214 reamdire·

164 2239 212 2311 rit
228 2237 274 2309 de
294 2239 365 2328 fide
383 2242 552 2323 mentita,
571 2266 646 2313 non
662 2241 750 2341 quia
771 2254 916 2331 vorarat
930 2241 967 2312 in
980 2237 1249 2339 ,praejudicium

163 2336 391 2435 sponsalium
408 2394 418 2423 ,
436 2337 500 2410 aed
518 2340 603 2438 quia
618 2339 658 2412 in
674 2337 839 2414 liaudem
850 2339 1015 2438 ipsorum
1030 2393 1039 2423 ‚
1052 2336 1186 2437 nempe
1204 2349 1246 2415 ut

149 2461 343 2536 ¹sponsum
362 2434 552 2531 eluderet,
575 2452 612 2510 et
631 2437 765 2513 deinde
788 2436 948 2523 nuberetx
961 2435 1072 2508 alteri·
1087 2460 1154 2535 per
1169 2435 1247 2524 dia·
1309 2524 1311 2531 Ι

166 2536 418 2630 pausationem
439 2538 534 2617 soti,
555 2562 668 2635 quam
692 2541 766 2635 jam
791 2533 947 2631 petebat.
973 2536 1140 2632 Utraque
1162 2560 1252 2625 sen·

154 2632 282 2707 .tentia
300 2647 353 2703 est
368 2631 582 2732 probabilis.
602 2636 709 2709 Recte
726 2649 850 2708 antem
864 2634 986 2732 inquit
1001 2631 1116 2706 Cotto}
1132 2658 1172 2707 ιι.
1193 2659 1250 2723 ro,
1276 2706 1281 2717 ,

168 2728 282 2825 quod,
296 2731 325 2803 si
342 2731 504 2826 Sponsus
519 2745 647 2804 votum
660 2731 797 2820 ederet,
810 2748 854 2806 ut
870 2756 1046 2831 sponsam
1057 2729 1249 2822 eluderet,

166 2827 309 2921 scilicet
330 2827 495 2924 petendo
520 2829 832 2928 dispensationem
855 2845 936 2928 post
960 2844 1088 2909 votum
1103 2880 1115 2911 ,
1133 2844 1176 2903 ut
1192 2829 1249 2901 at-

165 2926 234 3001 teri
253 2923 432 3011 nuberet,
451 2942 541 3001 tunc
560 2930 713 3025 graviter
726 2942 894 3027 peccaret
910 2983 919 3016 ,
938 2944 974 3001 et
993 2930 1113 3025 priora
1132 2952 1250 3025 spon-

166 3024 255 3097 salia
281 3022 434 3098 deberet
448 3024 613 3125 implere.
631 3024 724 3100 lteni
746 3025 975 3126 probabilibs
988 3028 1119 3107 dicunt
1136 3026 1248 3099 Salm.

169 3122 206 3195 d.
222 3150 258 3196 ιι.
275 3122 321 3197 33
338 3150 424 3198 eum
440 3123 529 3199 Res.
544 3139 582 3198 et
601 3130 744 3214 Aversa,
759 3124 863 3223 qnod
875 3126 1013 3201 etibmsi
1031 3125 1109 3209 sine
1124 3125 1249 3201 animo

168 3219 350 3295 eludendi
370 3248 527 3323 sponsos
550 3224 933 3312 veromandinsem,
955 3224 985 3295 si
1011 3229 1137 3319 postet
1154 3221 1249 3295 obti-

169 3334 253 3393 neat
270 3319 576 3413 dispensationem
595 3324 668 3397 voti
682 3378 699 3411 ,.
710 3348 786 3395 non
807 3325 943 3437 poterit
959 3323 1065 3405 aliam
1087 3319 1249 3405 dooere,

171 3419 257 3515 quia
290 3421 389 3516 prior
417 3417 590 3518 obligatio
619 3446 693 3494 non
719 3418 871 3496 omnmo
900 3421 1153 3518 extinguitur,
1183 3418 1251 3493 sed

170 3512 313 3589 tantiam
327 3517 584 3615 suspenditur,
599 3519 718 3601 donec
734 3524 877 3597 castitas
892 3532 1075 3606 serratum
1092 3517 1251 3607 sednon

170 3614 325 3689 omnini)
350 3614 755 3713 improbabilitersson.
784 3645 822 3692 n.
854 3617 897 3692 16
920 3632 956 3697 et
973 3616 1107 3691 Sarrob.
1131 3618 1176 3699 D.
1202 3615 1252 3690 56

170 3738 211 3785 n.
233 3715 256 3786 8
274 3712 313 3789 id
331 3729 482 3814 negant.
500 3718 585 3813 qnia
607 3742 671 3813 per
683 3732 816 3801 ,rutum
835 3720 955 3813 priora
974 3712 1154 3813 sponsalia
1170 3739 1251 3801 om-

170 3811 261 3887 ninb
275 3811 470 3891 solvuntur
485 3837 495 3902 ;
517 3812 616 3913 unde
631 3871 641 3904 ,
658 3813 936 3914 cumobligatio
954 3813 1021 3886 itta
1037 3810 1189 3885 omnini)
1204 3812 1251 3885 sit
1265 3900 1269 3909 .

168 3910 350 3999 extincta,
372 3937 442 4009 per
464 3906 774 4012 dispensationem
796 3913 871 3987 voti
895 3938 969 3985 nnn
994 3911 1195 4002 reririscit3
1212 3908 1250 3984 iat

171 3996 257 4086 liuic
272 4011 581 4107 consentitetilm
591 4013 710 4103 ,Conna
724 4011 749 4086 l.
768 4038 811 4117 e.²
820 4012 984 4112 qelmris
998 4008 1123 4099 addat,
1131 4007 1250 4085 teneti
