2917 4709
131 228 136 235 '
184 238 188 247 ’
224 214 305 309 Cup.
326 218 368 285 11.
388 218 475 286 Doli-
490 222 533 289 V.
552 223 602 290 De
616 220 767 291 Ministro
779 223 877 316 hujus
889 223 1096 292 sacramentis
1142 246 1204 314 ιι,

118 337 187 401 tur
210 354 252 402 ex
275 331 412 429 justitia
437 357 611 415 monere,
632 358 718 406 cum
744 360 817 407 non
846 338 893 407 eit
914 362 1021 408 eausa
1050 335 1205 434 positiva

120 424 272 516 damni,
297 428 363 501 sed
384 431 528 504 tantum
555 434 742 529 negativa,
768 428 907 507 seilicet
932 460 1006 506 non
1034 434 1203 506 monifes-

115 526 235 599 taudo
247 528 445 695 Hoeuiteuti
460 533 539 626 ejus
553 534 739 629 cognitam
755 531 1015 630 obligationem
1028 556 1039 622 ;
1056 547 1202 605 tenetur

45 698 49 713 ,
116 621 244 720 ergon
291 625 520 699 mouendum
536 629 679 701 tuntum
694 654 736 702 ex
745 631 919 703 charitate
931 685 939 709 .
953 656 1033 729 quae
1048 655 1121 701 non
1136 630 1214 719 obi

113 719 211 818 ligat
223 721 270 794 ad
288 724 568 798 restitutionem.
588 730 636 800 Et
653 730 837 801 consentit
853 728 939 800 huic
957 729 1124 826 opinioni
1134 730 1201 800 Cu-

115 824 267 915 jetanus
283 822 312 895 r.
330 823 522 896 Restitutio
542 850 620 924 cap.
636 851 670 924 7.
691 827 729 897 in
748 828 845 912 fine,
864 825 927 899 ubi
953 828 1004 899 sie
1030 824 1143 897 dicit:
1161 824 1205 898 Si

114 918 207 988 dard
221 945 324 1016 opera
340 924 354 1015 (
368 922 616 995 Confessarius
630 927 643 1009 t
656 922 877 1018 docuitsuha
888 982 898 1012 ‚
908 941 1039 1016 putans
1050 949 1131 995 esse
1144 948 1202 992 ve·

115 1039 177 1103 ro,
193 1041 263 1087 oon
281 1032 416 1089 tenetur
424 1018 498 1116 lege
501 1019 655 1113 justitie.
665 1021 820 1095 Etidem
832 1025 879 1093 ait
889 1021 923 1094 N
926 1049 978 1092 ov.
990 1048 1048 1121 ap.
1063 1021 1198 1093 Sanch.
1213 1058 1216 1062 ·

117 1112 147 1185 1.
169 1139 203 1186 c.
221 1114 290 1186 Sed
305 1115 538 1190 communius
552 1174 561 1207 ‚
578 1134 615 1191 et
631 1119 751 1192 verius
765 1120 946 1193 affirmant
960 1122 1062 1217 Lugo
1083 1145 1119 1191 n.
1138 1118 1202 1192 63.

31 1292 33 1301 .
114 1212 418 1309 Sporer‚Eiber‚
435 1216 525 1287 Vivo
541 1215 581 1289 tt.
597 1240 653 1290 co.
673 1233 708 1290 et
723 1218 837 1290 Sutm.
855 1245 893 1291 n.
910 1219 968 1292 51.
986 1244 1071 1290 curn
1090 1222 1202 1313 Aver-

115 1333 158 1381 sa
174 1365 183 1393 ‚
201 1310 323 1385 Dicant
336 1327 405 1385 eto.
423 1317 510 1386 item
534 1317 689 1414 drogon.
705 1332 742 1389 et
764 1316 885 1389 Salon.
906 1317 1004 1415 apud
1023 1314 1201 1390 Sunehez.

115 1407 244 1497 Ratio,
261 1412 366 1510 quio,
381 1410 467 1485 licet
480 1413 732 1487 Confesearius
743 1417 821 1487 sine
834 1414 943 1513 eulpa
959 1413 1088 1487 saltim
1103 1413 1202 1511 gravi

116 1509 362 1605 poeniteutem
373 1508 630 1608 deobligurerit
644 1517 664 1585 t
676 1514 904 1591 restitutione
913 1512 1034 1584 debita
1046 1568 1055 1596 ‚
1065 1528 1200 1602 tamen,
1213 1592 1218 1600 ,

116 1629 209 1677 eum
229 1632 336 1679 suum
350 1608 544 1682 eonsilium
560 1625 685 1708 pergat
699 1610 852 1683 iuduere
871 1612 910 1682 in
926 1611 1103 1685 damnum
1120 1635 1201 1682 cre·

118 1702 275 1795 diteris,
293 1707 438 1804 cognito
462 1734 607 1792 errore,
631 1723 773 1781 tenetur
792 1711 869 1808 ipse
888 1735 930 1780 ex
956 1708 1090 1806 justitia
1108 1733 1202 1780 onu-

115 1826 203 1873 sam
222 1802 346 1876 damni
370 1803 535 1896 auferre,
553 1807 583 1876 si
612 1805 806 1880 commode
826 1820 970 1920 potest,
991 1806 1078 1878 uliiru
1107 1805 1201 1878 obli-

116 1915 231 1996 gutur
246 1903 453 1991 restituere,
470 1929 559 1999 cunr
575 1903 635 1976 htc
653 1920 688 1976 et
707 1931 807 1978 nunc
826 1907 962 2002 :presit
978 1930 1087 1978 causa
1100 1903 1203 1976 daru-

115 2003 185 2087 ni;
203 2002 313 2098 proiit
327 2002 357 2071 si
378 2002 458 2101 quis
473 2004 551 2074 eine
570 2002 681 2100 culpe
700 2007 798 2099 gravi
824 2002 992 2075 oceeudtt
1011 2005 1132 2098 ignem
1159 2001 1203 2074 in

114 2116 280 2195 segetem
293 2097 471 2182 alienum,
491 2114 634 2173 tenetur
647 2109 771 2201 postet
787 2103 841 2197 (si
857 2100 1050 2174 commode
1064 2111 1202 2198 potest)

116 2220 166 2267 ex
194 2197 329 2294 justitio
348 2198 457 2270 illum
475 2201 695 2296 extinguere.
723 2199 819 2275 Vide
841 2198 937 2271 dieta
960 2200 986 2271 Ι.
1005 2198 1039 2270 3.
1059 2225 1096 2270 n.
1113 2200 1200 2296 994.

113 2292 222 2368 Bene
236 2310 359 2370 autem
372 2296 565 2369 advertunt
575 2297 746 2372 Busemh.
760 2313 803 2370 ut
818 2302 926 2396 sopri
940 2354 949 2384 ‚
961 2298 1067 2395 Lugo
1085 2322 1121 2368 n.
1139 2298 1202 2388 64.

116 2408 161 2464 et
175 2394 309 2466 Bonae.
328 2395 397 2469 loe.
422 2396 486 2468 cit.
505 2395 626 2494 quod,
644 2395 1003 2493 cumCoufesserius
1024 2400 1097 2494 jam
1116 2420 1202 2466 mo-

117 2491 246 2564 nuerit
266 2495 529 2588 prefluentem,
549 2497 761 2594 priusqudm
778 2494 841 2567 ille
861 2495 964 2565 fieret
988 2493 1199 2591 impotens,

115 2605 213 2662 tunc
226 2591 273 2662 ad
286 2591 381 2664 nihil
395 2608 572 2674 teneatur,
590 2595 730 2666 etiimsi
748 2591 980 2688 culpabiliter
994 2597 1100 2664 anteit
1114 2616 1201 2663 euru

116 2686 419 2785 deobligarerito
440 2694 669 2764 restitutione
685 2717 693 2773 ;
711 2694 796 2790 quie
815 2688 1012 2763 consilium
1030 2705 1118 2760 tunc
1139 2713 1203 2761 eo-

116 2784 203 2858 litm
221 2778 397 2860 influebat
412 2814 455 2860 ex
476 2790 690 2861 auctoritate
706 2787 924 2863 Conseseorii
941 2844 950 2871 ‚
967 2788 1086 2872 unde,
1103 2810 1203 2860 revo-

118 2899 204 2959 cato
221 2886 393 2975 consilio,
409 2901 524 2959 cessat
544 2892 622 2984 ejus
639 2888 833 2959 auctoritas
849 2885 1016 2958 influere.

171 2983 241 3055 Sed
268 2985 380 3083 quid,
403 2986 434 3057 si
458 2987 640 3084 poenitens
671 3000 835 3085 tempore
860 2984 1106 3058 Confessionis
1125 2996 1203 3055 erat

119 3078 322 3180 dispositus
347 3083 394 3156 ad
423 3087 712 3173 restitutionem,
737 3085 768 3156 si
797 3084 958 3155 monitus
986 3082 1140 3165 fuisset,
1166 3096 1204 3155 et

119 3185 247 3281 posteo
262 3239 270 3263 ‚
283 3196 423 3254 mutato
436 3185 577 3271 animo,
601 3181 718 3255 nollet
738 3184 895 3255 monitus
912 3181 1100 3254 restituere
1116 3205 1203 3253 curn

123 3280 278 3379 posset?
297 3282 451 3353 Antoine
470 3307 550 3381 pag.
576 3281 659 3373 544.
688 3307 750 3377 qu.
781 3307 834 3353 ro.
857 3280 900 3354 R.
923 3305 956 3351 2.
977 3277 1084 3360 dicit,
1102 3276 1205 3377 quod

122 3392 214 3450 tune
226 3377 476 3451 Confessorius
491 3376 537 3450 ad
552 3378 643 3452 nihil
660 3393 834 3461 teneatur,
849 3379 933 3477 quia
947 3393 1038 3450 tune
1054 3377 1206 3450 Confes-

120 3477 237 3549 sariue
261 3484 324 3549 sud
348 3479 550 3549 monitione
576 3483 649 3574 jam
675 3477 795 3550 aufert
819 3502 965 3548 cuneum
989 3475 1140 3564 damni,
1169 3487 1206 3546 et

121 3573 208 3646 idei>
219 3576 248 3648 si
266 3578 449 3671 poenitens
466 3600 539 3647 non
561 3578 716 3649 restituit
731 3631 741 3657 .
756 3574 795 3648 id
811 3600 853 3648 ex
870 3579 950 3670 ejus
970 3573 1106 3646 malitia
1121 3597 1205 3673 pro·

120 3675 235 3746 venit.
256 3673 327 3746 Sed
345 3674 475 3747 meriti]
501 3675 790 3773 sapientissimus
815 3676 920 3769 Lago
936 3671 974 3743 d.
993 3698 1030 3743 n.
1050 3673 1110 3764 64.
1127 3696 1205 3742 non

120 3787 272 3844 excusat
303 3772 574 3847 confessarium
598 3799 642 3844 eo
661 3800 746 3846 casu
770 3776 791 3844 u
814 3773 1062 3844 restitutione:
1086 3769 1204 3857 ratio,

122 3872 315 3969 quia,esto
332 3873 362 3941 is
382 3871 444 3967 qui
464 3871 712 3944 auctoritative
732 3870 795 3942 dat
815 3895 966 3968 pravum
983 3866 1204 3951 consilium,

119 3985 288 4042 revocato
302 3970 467 4055 conuitio,
478 3970 526 4041 ad
535 3969 628 4042 nihil
639 3967 798 4065 amplius
808 3983 986 4053 teneatur,
997 3980 1207 4038 uteommu·

120 4068 217 4155 nitur
230 4068 455 4147 doceutDD.
470 4068 502 4157 i,
518 4068 668 4145 tuum.
686 4069 771 4167 559.
790 4067 862 4141 hoe
880 4081 1002 4141 umen
1020 4062 1206 4165 procedit2
1233 4088 1239 4101 ·
