2917 4709
389 86 471 181 op.
489 89 531 158 u.
545 88 633 157 un.
650 87 692 156 11.
707 61 970 160 bessennaco
986 57 1131 154 onnia.
1239 102 1302 171 299

222 192 362 269 mittit?
378 199 486 274 Recte
508 188 690 274 affirmant
711 200 846 274 Sancb.
865 225 900 275 c.
926 198 948 273 3
970 194 1060 270 dub.
1080 195 1125 290 45
1144 221 1207 267 uu.
1228 194 1305 267 cet

223 292 296 367 Sal.
311 319 344 366 c.
363 297 386 369 5
402 325 439 371 n.
456 300 516 392 44.
536 294 646 373 Modo
660 297 873 397 (intellige)
892 295 1041 370 interim
1053 293 1099 367 ab
1113 291 1183 367 alio
1197 290 1304 390 adju·
1355 359 1357 364 ,

221 405 327 466 vetur
342 394 391 469 ad
415 393 656 471 recitandum.
680 395 745 472 Ill.
770 400 842 473 Pro
866 391 1065 470 initiandus
1089 389 1239 464 demirm
1258 387 1306 460 ad

221 486 472 574 Sacerdotium
488 494 566 568 vult
579 494 793 571 Concilium
807 520 841 569 c.
864 499 906 587 rai
918 506 955 566 et
970 492 1027 577 254
1042 505 1081 565 ut
1093 489 1163 591 ipsi
1176 489 1228 559 ad
1237 509 1306 585 pa·

215 586 338 683 pulum
350 591 548 666 docendum·
557 620 602 667 ea
615 650 624 686 ,
641 618 719 692 quae
727 594 815 667 sct're
828 589 987 665 carnibus
1000 586 1235 662 neces-sarciam
1252 600 1313 696 est

99 775 105 790 Ι
220 684 273 754 ad
298 689 471 778 sautem,
496 717 541 764 ac
559 691 858 766 administranda
878 688 1130 774 Sacramenta,
1153 683 1309 782 diligenti

222 786 389 857 esamrire
398 785 642 911 succedenti,
660 789 782 878 idonei
789 813 867 862 com
891 786 1063 902 radantur.
1332 898 1336 904 1

222 876 1361 1081 uitiitttttit'sittttiitififttitttttl‘

223 1075 338 1178 Vasq.
350 1095 388 1154 et
398 1081 490 1156 Con.
504 1098 630 1198 censet
643 1082 824 1183 intelligi,
842 1097 883 1155 ut
899 1076 1176 1197 presbyterandi
1187 1075 1307 1193 sciant
1444 1094 1448 1104 ·

222 1177 1309 1379 irenaeusne,tercentenus

222 1385 273 1446 ta.
291 1375 423 1450 Sanch.
442 1379 605 1458 antemi.
631 1404 653 1477 7
677 1404 711 1452 c.
736 1403 748 1452 r
777 1376 868 1451 dub.
890 1377 991 1470 45η.
1016 1376 1060 1448 16
1076 1399 1161 1449 cum
1176 1369 1308 1445 bedec.

225 1470 418 1570 intelligit,
436 1491 478 1548 ut
496 1480 631 1559 sciant.
645 1500 728 1577 qum
746 1477 793 1550 sit
808 1476 955 1548 materia
967 1530 977 1564 ‚
989 1465 1027 1548 ei
1046 1472 1309 1572 formaeoius-
1335 1485 1338 1490 ·

226 1596 298 1669 que
315 1572 551 1650 sacramenti.
568 1574 639 1649 Sed
658 1573 789 1649 meiibs
810 1577 915 1673 ajunt
929 1574 983 1678 ira
1009 1597 1057 1645 m.
1076 1585 1121 1642 tr.
1135 1594 1160 1667 9
1176 1594 1210 1642 c.
1230 1591 1250 1665 7
1270 1589 1310 1640 ua
1338 1581 1353 1646 ἦ

230 1695 244 1742 r
268 1682 305 1743 et
323 1670 435 1745 Salm.
453 1697 488 1744 c.
516 1674 538 1748 5
560 1700 598 1746 n.
619 1676 668 1768 44
691 1699 780 1748 cum
803 1675 959 1754 Aversa;
981 1600 1090 1743 ilodr.
1114 1684 1151 1741 et
1170 1663 1308 1740 Philib.

224 1766 552 1869 presbyterundum
570 1770 703 1846 debere
728 1770 880 1873 quidem
904 1770 996 1842 scire
1016 1792 1078 1852 ea,
1099 1789 1183 1865 quae
1199 1787 1310 1863 spec-

223 1877 303 1939 tant
314 1865 362 1940 ad
376 1870 597 1945 sacrificium
613 1926 622 1957 ‚
640 1887 677 1943 et
690 1871 921 1958 Sacramenta
937 1864 1111 1965 Baptismi
1127 1889 1169 1935 ae
1182 1865 1309 1935 Extra·

85 2059 89 2068 Ι
225 1988 298 2038 mae
313 1965 534 2058 Unctionis‚
553 1994 713 2083 quorum
732 1982 789 2042 est
813 1965 980 2040 minister
999 1991 1008 2035 t
1027 1964 1123 2036 circi
1140 1958 1225 2034 nerii
1242 1960 1319 2066 Sa-⁴

226 2079 456 2139 crementum
469 2069 694 2167 poenrtentiae
707 2093 783 2139 non
794 2064 932 2164 requiri
945 2062 981 2135 in
996 2086 1039 2134 eo
1053 2075 1187 2144 tantam
1198 2059 1314 2132 scien·

226 2161 334 2246 lim,
364 2180 499 2264 wala
525 2181 579 2240 est
605 2166 807 2240 necessaria
837 2162 1068 2236 confessario
1097 2155 1309 2261 approbato.-

225 2255 336 2334 Unde
353 2262 495 2348 iniero,
519 2263 620 2363 quod
637 2263 794 2364 quilibet
817 2260 971 2431 simgles
985 2259 1160 2332 Sacerdos
1181 2253 1313 2360 debeat

227 2354 363 2432 babere
383 2360 582 2463 aliqualem
601 2365 792 2436 scientiam
809 2360 885 2434 circ
925 2359 1092 2431 materias
1106 2361 1220 2452 magis
1241 2352 1312 2425 ob·

227 2456 330 2542 vias,
357 2471 439 2557 quae
465 2463 651 2560 pertinent
677 2460 725 2534 arl
749 2461 1025 2533 Sacramentum
1052 2455 1311 2538 Poenirenriae,
1423 2527 1425 2529 ,

227 2553 357 2658 saitem
377 2583 443 2654 pro
460 2559 605 2632 casibus
628 2558 873 2644 necessitatis,
894 2557 933 2629 in
952 2555 1087 2656 quibus
1101 2553 1312 2628 Confessio-

225 2674 293 2725 nes
321 2655 489 2752 excipere
519 2657 676 2730 tenetur.
706 2658 756 2730 Et
788 2653 860 2729 bue
890 2667 946 2726 est
976 2658 1076 2750 iuxta
1107 2651 1312 2724 doctrinam

224 2748 268 2822 S.
297 2751 418 2824 Caroli
444 2753 643 2827 Borromoei
666 2755 704 2827 in
725 2751 869 2827 Concii.
893 2749 1041 2824 Medici.
1073 2750 1122 2838 5,
1147 2748 1209 2820 ubi
1230 2746 1313 2820 dic-

230 2860 310 2921 tum
340 2848 410 2923 init
425 2907 435 2941 ,
453 2851 555 2950 qnod
570 2851 771 2925 initiandus
789 2849 1042 2949 Presbyteratu
1058 2906 1067 2936 ,
1084 2848 1175 2920 circi
1187 2844 1316 2917 Sacra³

227 2961 383 3020 mentam
407 2949 652 3044 Carfissianis
678 2950 861 3047 aliquam(
885 2946 1014 3022 saltbm
1034 2945 1223 3044 ipenir'am
1249 2940 1315 3015 lra-

227 3043 320 3123 beat.
338 3048 436 3121 Aiias
457 3074 533 3121 non
554 3047 697 3122 ridetur
717 3073 822 3146 posse
840 3047 858 3118 i
877 3049 974 3145 gravi
994 3044 1103 3144 culpa
1120 3031 1314 3130 excusari';

227 3146 362 3219 etenim
379 3148 619 3222 Innocentius
634 3146 704 3221 XII
717 3149 753 3217 in
771 3143 892 3228 Bulla,
909 3142 1108 3235 Apostolicr‘
1116 3139 1312 3226 minsterii,

229 3245 443 3321 confirmata
464 3249 483 3318 i
506 3245 643 3321 Bened.
665 3245 764 3320 XIII.
784 3242 908 3344 (apud
927 3240 1063 3318 Bened.
1083 3238 1182 3314 XIV.
1202 3235 1313 3312 Notii.

233 3338 278 3416 16
293 3355 330 3413 et
347 3346 392 3416 32
394 3363 409 3442 )
425 3343 644 3443 explicando
661 3344 853 3434 praefatum
867 3356 1009 3415 textum
1022 3339 1179 3413 Conciiii
1191 3339 1248 3429 (ut
1264 3339 1317 3410 ait

227 3437 399 3537 praeiatua
424 3443 564 3519 Bened.
585 3442 684 3518 XIV.
708 3443 723 3538 )
750 3441 894 3514 nuliam
923 3439 1033 3512 aliam
1060 3437 1314 3535 benigniorem

227 3539 566 3637 interpretationem
595 3542 722 3639 potuit
735 3541 777 3612 ei
792 3540 879 3613 darc
900 3593 910 3627 ‚
937 3541 1047 3640 quim
1069 3534 1174 3609 iliam
1201 3533 1315 3634 redu7
1416 3575 1435 3618 χ

226 3634 347 3709 centio
369 3638 414 3711 ad
435 3638 599 3712 studium
623 3637 835 3738 Theoiugioe
859 3636 1020 3712 litoralis.
1048 3638 1097 3709 Et
1123 3634 1215 3707 ratio
1241 3641 1312 3722 est,

225 3735 313 3907 guia
328 3791 339 3823 ‚
356 3763 445 3811 cum
461 3738 509 3809 sit
520 3736 680 3810 officium
698 3738 891 3839 proprium
908 3740 1090 3836 cujusque
1105 3728 1314 3806 Sacerdotis

258 3836 486 3909 senitentiam
508 3835 714 3911 ministrare
739 3835 778 3909 in
806 3835 1048 3915 necessitate.
1077 3831 1158 3931 quis
1190 3853 1235 3902 ue
1251 3829 1315 3902 Sa-

206 3955 210 3964 ·
228 3932 358 4008 cardos
370 3931 481 4008 debet
493 3935 586 4009 scire
600 3959 643 4008 ea
658 3973 676 4023 ,·
687 3957 773 4035 quae
785 3933 832 4007 ad
849 3931 930 4005 tale
941 3930 1103 4005 officium
1121 3856 1187 4004 riti
1210 3953 1314 4026 para·

230 4031 389 4162 gendum
406 4045 591 4137 spectaut3
604 4043 646 4112 ut
663 4032 763 4112 clare
778 4032 935 4163 infertur
947 4055 991 4108 ex
1004 4053 1073 4123 eo,
1092 4025 1193 4130 quod
1206 4024 1314 4123 docet
