2917 4709
254 198 317 275 '206
363 206 435 275 Lib.
449 206 507 278 VI.
523 204 629 277 Tract.
643 202 687 279 V.
698 209 748 277 De
761 204 1046 288 Extrema-Uror..
1063 225 1095 278 et
1107 208 1257 301 Ordine.

254 346 296 393 ac
316 319 449 393 Rebuff
467 321 567 417 apud
589 321 721 394 Sanch.
748 321 790 395 ll.
813 346 867 395 ce.
889 325 1017 406 Ratio,
1040 324 1153 421 quia,
1177 347 1262 394 cunr
1281 315 1336 397 sit

253 421 431 491 sententia
449 421 678 492 communior
696 419 972 519 etprobabilior
985 422 1079 493 inter
1092 418 1298 518 Theologos
1318 475 1333 508 ,

254 517 356 614 quod
373 516 538 592 Tonsura
555 521 689 591 nonsit
706 517 827 603 Ordo,
846 517 1036 609 idebvbene
1050 532 1166 617 potest
1185 534 1221 589 et
1235 517 1331 590 solet

253 616 412 689 conferri
436 615 601 713 privatim
624 618 702 688 sine
728 616 1029 708 Pontificalibus,
1054 615 1101 689 ad
1125 615 1225 718 quod
1251 641 1330 689 non

253 716 452 813 requiritur
472 714 617 787 licentia
636 716 808 828 Episcopi
825 716 907 788 loci.

194 821 243 889 ’2⁵7
301 846 326 907 'a
353 841 386 884 2.
402 811 560 906 Quando
584 814 741 887 dubium
765 816 945 897 occtrrrit,
966 838 1013 884 an
1038 812 1139 886 Ordo
1170 814 1218 887 sit
1245 809 1331 886 verit

252 939 269 974 a
300 906 456 983 collatus
473 969 481 999 ,
501 938 533 982 v.
547 939 585 1009 g.
631 912 689 984 uia
711 913 861 984 materia
881 911 951 984 fuit
966 910 1102 995 dubia,
1124 912 1250 984 iterari
1262 937 1331 1010 po-

253 1040 271 1076 »
302 1023 390 1096 test,
405 1024 441 1096 ct
456 939 645 1082 debetstil)
660 1009 881 1083 conditione.
899 1009 1057 1103 Quandb
1072 1010 1256 1105 verbsuut
1267 1036 1327 1083 ra·

254 1136 274 1174 u
302 1109 417 1180 tione‘s
438 1109 624 1208 utrimque
643 1108 851 1208 probabiles
873 1132 939 1207 pro
954 1107 1328 1191 nullitate,etvalidi-

250 1236 269 1270 s
302 1209 455 1290 tate,ait
471 1209 579 1279 Dian.
596 1222 631 1305 p.
648 1208 671 1281 5
690 1219 776 1281 tom.
796 1209 872 1280 stt.
891 1210 936 1304 47
949 1207 1116 1280 errGran.
1137 1231 1240 1306 posse
1254 1207 1327 1278 ite·

252 1333 272 1371 >r
297 1303 445 1376 rarisub
459 1306 669 1377 conditione
686 1362 694 1392 ,
711 1305 786 1377 imb
802 1304 935 1377 debere
952 1308 1003 1388 ,si
1016 1303 1298 1403 sitEpiscopalis
1317 1357 1330 1390 ,

251 1431 272 1470 n
300 1392 357 1474 v'el
376 1403 634 1476 sacerdotatis:
652 1431 685 1475 v.
704 1431 757 1501 gr.
778 1405 814 1477 Si
831 1403 1028 1492 Sacerdos,
1047 1402 1106 1475 rel
1121 1402 1331 1501 Episcopus

162 1531 168 1537 ’
251 1528 273 1569 n
300 1524 375 1572 non
400 1502 659 1598 tetigissitvasa
687 1528 807 1587 sacra,
825 1515 887 1574 aut
904 1500 998 1574 illud
1021 1502 1303 1575 instrumentum
1320 1555 1338 1592 ,

251 1628 270 1664 n
303 1601 339 1670 in
354 1605 460 1696 cujus
480 1603 706 1697 porrectione
726 1601 949 1699 imprimitur
967 1598 1166 1682 character,
1182 1599 1333 1694 Excipit

244 1724 271 1763 -s
303 1711 422 1768 tamen
439 1699 667 1772 Scocrdotem
684 1753 691 1780 ‚
709 1700 773 1797 qui
788 1696 997 1770 immediate
1011 1697 1128 1792 tetigit
1147 1712 1330 1795 patenam,

253 1825 271 1860 n
301 1794 366 1869 sed
387 1821 464 1891 non
478 1796 646 1870 hostiam.
672 1800 770 1871 Eum
787 1796 892 1880 verb,
917 1797 1073 1895 quinon
1091 1796 1209 1893 tetigit
1236 1793 1329 1868 cali·

251 1923 270 1957 a
301 1919 404 1979 cem,
434 1908 470 1966 et
490 1912 686 1994 patenam,
709 1894 800 1992 dum
824 1896 939 1968 forma
967 1893 1241 1992 proferebatur,
1264 1891 1335 1964 sed

243 2004 273 2060 ί»
304 1990 413 2089 punld
428 2006 514 2087 'post
529 2051 538 2081 ,
554 2006 678 2091 posse·
693 1992 846 2092 quidem
869 1993 916 2064 ad
928 1996 1112 2092 *majorem
1133 1991 1244 2064 animi
1272 1989 1334 2063 sul

242 2116 263 2157 a>
293 2095 454 2186 quietem
468 2091 541 2161 snb‘
554 2092 769 2164 conditione
781 2090 914 2164 iterium
924 2091 1104 2177 ordinari,
1121 2105 1334 2161 nontamen

248 2212 273 2256 n
302 2206 378 2259 esse
399 2190 669 2273 necessarium,
693 2187 801 2261 docet
818 2192 921 2287 Lugo
944 2189 1088 2261 resolut.
1111 2213 1207 2259 mor.
1230 2185 1293 2258 lib.
1314 2213 1334 2260 s

240 2313 272 2355 ·>›
302 2313 338 2381 p.
361 2286 417 2359 33.
434 2286 544 2361 Recte
559 2303 681 2360 autem
703 2288 922 2362 notat'Dian.
944 2286 969 2358 l.
984 2314 1016 2359 c.
1034 2287 1173 2359 etiamsi
1186 2285 1267 2385 quie
1283 2284 1333 2355 ti·

246 2412 273 2451 n
301 2399 419 2469 meat,
447 2410 491 2456 nc
509 2383 668 2457 invalide
689 2384 881 2458 ordinatus
901 2386 970 2468 sit,
987 2392 1050 2458 aut'
1071 2410 1143 2457 non
1166 2381 1337 2456 recorde-

251 2513 269 2546 ω
302 2496 361 2553 tur
379 2539 388 2572 ,
407 2508 444 2554 se
458 2487 613 2581 tetigisse
628 2509 729 2556 sacra
746 2509 825 2555 rasa
844 2541 853 2572 ,
871 2497 1020 2555 autnon
1040 2482 1198 2580 tetigisse
1210 2480 1338 2577 imagi·

250 2608 269 2644 a
300 2593 430 2663 netur,
453 2608 528 2654 non
554 2580 657 2655 illico
684 2580 895 2655 iterandum
920 2606 997 2654 esse
1015 2579 1220 2669 Ordinem,
1246 2604 1335 2652 cum

251 2707 272 2746 s>
301 2677 377 2750 sola
391 2678 524 2752 oblivio
542 2735 551 2765 ‚
568 2682 622 2751 vel
638 2681 747 2752 timor
760 2707 834 2751 non
847 2678 1000 2751 sufficiat
1020 2677 1068 2751 ad
1083 2678 1246 2777 prudens
1261 2733 1271 2768 ,
1288 2701 1332 2749 ac

252 2806 270 2842 a
301 2777 519 2850 rationabile
543 2778 695 2851 dubium
710 2836 718 2861 ,
735 2780 789 2848 rel
803 2776 1114 2878 probabilitatem.
1134 2809 1153 2843 a

192 2887 244 2952 t5⁸
300 2877 508 2968 Quaeritur,
534 2875 720 2975 quomodo
736 2875 936 2976 supplendi
954 2876 1026 2947 sint
1041 2875 1203 2947 delectus
1227 2899 1330 2947 com·

193 3010 198 3021 ‹
222 2993 231 3005 ⁴
253 2974 352 3045 missi
366 2976 403 3046 in
418 2973 658 3048 Ordinatione
671 2977 687 3047 i
701 2973 1011 3073 Distinguendum
1024 3000 1041 3052 :v
1051 2974 1087 3045 Si
1102 2972 1264 3066 defectus
1278 2984 1338 3044 est

188 3136 192 3143 .
242 3071 347 3144 -oirca
369 3073 608 3146 accidentalia
625 3130 632 3156 ‚
648 3074 782 3171 nempe
799 3074 829 3145 si
845 3072 1000 3145 deluerit
1012 3075 1138 3144 unctio
1154 3094 1336 3144 manuum

250 3168 457 3267 Presbyteri
476 3170 664 3258 initiandi,
683 3187 773 3243 tuno
793 3167 1067 3269 quamprimirm
1094 3168 1257 3268 suppleri
1274 3165 1339 3240 de·

250 3265 315 3339 bet
335 3268 381 3339 ab
405 3270 535 3341 eodem
561 3271 773 3368 Episcopo,
800 3269 829 3340 si
850 3268 928 3340 fieri
979 3281 1096 3359 otest3
1124 3270 1171 3340 iu
1197 3264 1336 3341 saneti.

239 3366 362 3437 Cous.
380 3365 443 3438 lib.
463 3392 484 3464 7
505 3393 537 3442 o.
565 3394 594 3440 ι.
617 3366 706 3441 dub.
737 3368 776 3440 13
798 3390 836 3439 n.
861 3292 1068 3459 stellein.
1089 3371 1146 3440 28.
1167 3365 1276 3436 Croix
1292 3374 1331 3437 n'·.

254 3487 348 3535 raon
365 3478 402 3535 et
421 3490 510 3537 naor
538 3491 579 3537 ao
594 3465 707 3537 Salm.
723 3492 802 3563 cap.
824 3489 896 3536 an.
923 3465 968 3538 25
984 3491 1069 3536 oum
1085 3466 1172 3537 Soto
1187 3517 1196 3547 ,
1213 3461 1332 3535 Trull.

252 3574 289 3632 et
307 3560 451 3633 Aversa.
471 3562 569 3634 Alias
591 3564 711 3636 taliter
732 3562 941 3651 ordinatus,
959 3566 1080 3634 sinon
1102 3577 1248 3634 curaret
1262 3559 1334 3631 hu·-

252 3659 412 3756 jnsmodi
428 3660 612 3732 desectum
629 3659 793 3757 suppleri
809 3718 818 3750 ,
832 3661 889 3733 vel
909 3674 992 3732 ante
1009 3660 1280 3759 suppletionem
1294 3658 1335 3730 in

249 3758 391 3830 Ordine
409 3774 578 3856 suscepto
599 3761 847 3844 ministraret,
875 3775 1042 3858 peccaret
1061 3760 1238 3857 graviter3
1258 3781 1339 3830 nonv

244 3854 337 3928 verb
368 3858 573 3931 incurreret
597 3857 923 3953 irregularitatem,
946 3872 988 3930 ut
1017 3856 1117 3930 recte
1141 3854 1343 3928 advertunt

243 3953 360 4027 Salm.
379 3955 404 4029 l.
422 3985 456 4031 o.
471 3932 650 4030 essan'ch.
665 3985 702 4029 n.
720 3958 741 4028 5
761 3982 846 4029 oum
859 3956 956 4055 Sylv.
973 3957 1058 4027 Soto
1071 4014 1079 4040 ,
1094 3952 1223 4026 Tamb.
1238 3958 1338 4050 ang.

245 4066 288 4126 et
306 4057 408 4129 Arm.
426 4057 513 4158 quia
535 4068 589 4132 est
606 4053 836 4155 irregularis,
853 4055 918 4161 qui
935 4052 1116 4128 ministrat
1138 4055 1177 4127 in
1193 4052 1344 4128 Ordine
1413 4116 1419 4127 .
