2917 4709
252 167 340 262 Cap:
355 161 398 237 rt
417 169 506 239 Dnls.
523 167 568 240 V.
587 172 638 240 De
652 171 803 241 Ministro
817 169 913 265 halus
925 172 1134 243 sacramenti.
1180 193 1241 259 ιο,

156 272 207 377 ad
221 308 259 356 n.
280 306 332 356 ιι.
347 283 439 356 Viva
453 311 488 384 q.
502 282 527 356 6
542 301 608 357 art.
631 313 642 358 ι
661 288 746 358 ιι.’8.
760 282 868 359 Elbel
885 311 922 384 p.
936 286 1006 359 500
1017 313 1053 356 n.
1070 284 1141 383 493
1154 310 1241 358 cum

146 380 250 455 Bob-
269 380 356 456 Fill.
378 385 500 458 Mastr.
517 399 554 454 et
570 385 680 458 Croix
696 384 746 456 de·
763 387 869 458 Matr.
887 411 922 455 ιι.
939 386 1011 459 838
1028 409 1112 456 cum
1127 385 1240 483 Vasq.

148 479 298 579 sylvio,
316 479 494 567 Barbosa,
514 482 619 555 Hurt.
635 484 719 581 Reg.
735 480 825 558 Vill.
841 481 962 567 Salas,
977 483 1080 555 Boss.
1098 481 1240 555 Molles.
1286 519 1288 523 >

153 577 329 653 Machad.
350 594 387 651 et
402 578 482 653 aliis
528 579 672 654 lurimis
693 607 781 655 cum
799 568 919 656 Card.⁴
937 583 952 678 (
976 584 1041 680 qni
1057 578 1148 653 dicit
1163 604 1241 653 esse

146 679 376 751 sententiam
399 609 587 752 morafiter
608 682 769 775 certam)
785 694 822 753 et
836 679 1001 780 Pyrrho,
1024 704 1065 752 ac
1087 678 1240 752 Corrud.

147 778 243 875 (qui
260 792 412 851 testator
431 778 477 849 ita
496 776 699 852 declarasse
718 779 858 852 Sixtum
878 776 928 849 V.
944 795 986 850 ·et
1004 800 1243 851 communem

144 889 264 961 vocat
282 874 418 948 Bened.
434 876 534 950 XIV.
553 876 599 948 de
613 876 747 977 Synod.
775 876 800 951 l.
820 902 840 976 7
863 900 895 948 c.
923 876 963 949 31
992 904 1030 951 ιι.
1053 880 1243 971 a(contra

150 972 421 1072 rigidissimum
445 974 658 1073 Fagnannm
675 1031 685 1061 ,
704 975 766 1076 qui
790 976 829 1047 in
853 1001 887 1047 c.
913 973 1048 1060 Nimis,
1071 973 1116 1046 de
1137 973 1168 1046 F
1171 974 1242 1048 iliis

148 1071 285 1145 Presb.
295 1087 421 1170 negat,
438 1074 581 1146 etiamsi
591 1073 806 1179 idopotteat
815 1073 862 1145 ad
871 1072 1145 1171 legitimandam
1161 1099 1243 1172 pro·

151 1168 232 1242 lem
248 1174 285 1242 in
300 1169 452 1243 articulo
463 1171 608 1263 mortis;
622 1170 797 1246 adversus
809 1196 1045 1245 communem
1058 1172 1137 1244 DD.
1155 1194 1244 1246 cum

149 1269 339 1366 Pignatel.
365 1284 391 1342 t.
409 1268 444 1343 3.
465 1270 574 1345 Cone.
597 1272 643 1346 33
658 1271 725 1370 qui
745 1288 784 1345 n.
802 1273 824 1343 8
840 1297 883 1343 ex
898 1269 977 1343 aliis
1001 1269 1040 1342 id
1057 1267 1242 1357 extendit,

151 1370 298 1445 etiamsi
317 1367 624 1467 impedimentum
644 1369 752 1444 fuerit
774 1368 1012 1468 publicum.)
1037 1369 1163 1454 Ratio,
1183 1368 1243 1442 vel

152 1468 245 1566 quia
271 1481 362 1540 tunc
384 1467 660 1566 praesumendus
679 1478 733 1541 est
758 1466 925 1543 Pontifex
944 1467 1112 1565 delegare
1136 1467 1243 1566 Epis·

152 1591 256 1663 copo
274 1564 485 1638 facultatem
505 1564 768 1663 dispensandi,
787 1592 898 1667 quam
923 1566 1119 1665 requisitus
1145 1565 1244 1641 certe

151 1666 193 1737 ei
210 1688 286 1736 non
304 1663 497 1761 denegaret
512 1689 521 1750 3
538 1663 592 1738 rel
613 1668 698 1764 quia
716 1669 731 1753 l
741 1679 782 1739 ut
800 1666 1036 1739 ratiocinatur
1053 1661 1185 1738 Sanclr.
1204 1688 1244 1737 ιι.

151 1760 181 1835 3
201 1776 238 1834 et
261 1787 297 1856 7.
316 1764 329 1851 )
345 1763 553 1862 Episcopus
578 1778 697 1864 potest
719 1765 758 1837 in
785 1789 850 1837 sua
874 1762 1033 1837 Dioecesi
1061 1759 1245 1861 quidquid

151 1874 281 1961 potest
296 1861 464 1935 Pontifex
479 1864 516 1934 in
536 1877 611 1936 tota
627 1862 813 1949 Ecclesia,
832 1862 901 1935 nisi
921 1859 1063 1961 aliquid
1078 1860 1246 1936 Pontifex

150 1954 229 2034 sibi
247 1960 437 2034 reservavit
451 1965 465 2047 (
478 1964 576 2057 juxta
594 1960 635 2034 id
651 1961 755 2061 'qnod
773 1960 899 2060 plures
917 1957 1047 2032 dicunt
1070 1957 1117 2031 de
1133 1959 1243 2032 Matr.

143 2056 244 2150 ⁸vide
265 2058 358 2132 infra
378 2084 416 2130 ιι.
434 2062 517 2157 980.
534 2058 632 2134 Dub.
660 2060 732 2155 r.);
755 2057 877 2143 unde,
895 2060 926 2131 si
943 2058 1149 2158 Episcopus
1170 2058 1244 2131 dis·

153 2182 315 2256 pensare
330 2171 488 2328 unguent
503 2157 543 2231 iu
560 2158 604 2231 iis
624 2157 916 2256 impedimentis,
933 2154 973 2229 id
989 2181 1032 2233 ex
1051 2180 1095 2228 eo
1113 2180 1244 2256 prove-

153 2257 242 2345 nit,
266 2255 350 2354 qnia
403 2253 540 2329 ontifex
560 2273 740 2348 reservam
766 2257 831 2330 sed
852 2280 939 2331 cum
963 2256 1156 2329 reservatio
1182 2257 1247 2333 fiat

156 2369 314 2454 propter
335 2353 572 2447 charitatem,
593 2372 631 2430 et
651 2354 699 2429 ob
723 2355 859 2429 bonam
884 2355 988 2454 Reip.
1013 2352 1245 2452 gubernatio·

156 2479 269 2539 nem,
291 2479 365 2526 uon
387 2468 442 2526 est
463 2454 905 2545 verisimile,Pontilicem
932 2452 1245 2554 dispensationem

155 2551 230 2625 sihi
252 2574 431 2625 reservare
446 2551 486 2621 in
502 2578 588 2627 casu
611 2568 720 2627 tantae
739 2552 986 2643 necessitatis,
1008 2549 1158 2652 quando
1174 2549 1245 2623 ali·

158 2666 215 2723 ter
232 2647 406 2723 scandala
423 2648 526 2723 vitari
539 2677 615 2725 non
631 2667 776 2753 possent
786 2677 798 2741 ;-
808 2650 880 2725 hoc
894 2651 993 2724 enim
1008 2663 1102 2723 esset
1114 2663 1260 2724 contra.

158 2747 386 2822 charitatem.
402 2746 501 2847 Ergd
520 2751 558 2823 in
573 2776 616 2823 eo
634 2777 719 2824 casn
736 2746 953 2847 intelligitur
969 2772 1108 2822 cessare
1125 2772 1244 2829 rasere

158 2847 279 2938 vano,
296 2861 333 2920 et
344 2845 429 2920 ideo
440 2847 646 2949 Episcopus
663 2874 704 2922 ex
719 2874 784 2920 sna
797 2862 973 2950 potestate
985 2847 1168 2920 ordinaria
1184 2870 1245 2947 po-

144 2942 229 3022 'sess
250 2961 339 3019 tunc
353 2944 587 3044 dispensare,
604 2945 698 3020 sicirt
710 2962 829 3047 potest
844 2947 882 3019 in
897 2947 976 3019 aliis
991 2944 1133 3041 legibus
1146 2947 1244 3018 Pon·

156 3044 302 3128 tificiis,
319 3043 468 3144 quandd
483 3043 602 3119 aditus
617 3044 663 3117 ad
674 3046 813 3146 Papam
822 3071 897 3121 non
911 3058 1021 3147 patet.
1037 3045 1085 3116 Et
1100 3068 1143 3115 eo
1157 3068 1245 3121 casu

190 3140 403 3218 robabiliter
426 3141 557 3218 dicunt
580 3143 677 3218 idem
700 3145 861 3220 &nultra
885 3170 922 3215 n.
954 3141 1138 3234 14.Elbsl
1159 3141 1184 3214 l.
1206 3169 1241 3216 c.

156 3172 253 3320 don.
274 3267 312 3316 ιι.
330 3239 365 3315 6.
386 3268 474 3316 cum
492 3242 639 3317 Valent.
660 3243 774 3344 Vasq.
795 3243 917 3341 Salas,
934 3242 1049 3316 Heni.
1069 3268 1111 3315 ac
1130 3241 1243 3316 Saltu.

161 3368 195 3414 c.
218 3344 260 3434 ¹4
279 3368 316 3414 n.
343 3365 383 3414 ra
404 3343 598 3417 cum'Con.
617 3341 696 3415 Pal.
716 3341 828 3415 Basil.
847 3356 918 3415 etc.
939 3339 1041 3441 quod
1065 3342 1244 3441 Episcopi

160 3438 197 3514 le
223 3437 324 3513 itimt
354 3442 495 3540 possint
527 3439 738 3539 praedictam
765 3434 979 3515 facultatem
1005 3436 1243 3538 dispensandi

159 3468 331 3635 delegare
352 3538 449 3627 aliis,
464 3540 572 3612 etiam
589 3538 805 3636 generaliter
825 3565 891 3640 pro
909 3536 1082 3611 omnibus
1096 3536 1242 3610 casibus

160 3637 459 3753 occurrenpbus,
474 3640 557 3736 quia
570 3637 650 3711 haec
659 3631 814 3711 facultas
826 3637 1040 3713 conceditur
1051 3636 1244 3735 Episcopis

150 3737 300 3813 rasione
317 3736 529 3834 Dignitatis,
548 3735 648 3810 unde
665 3738 798 3836 accipit
810 3736 1041 3810 conditiones
1058 3736 1243 3834 potestatis

157 3834 363 3909 ordinariae.
377 3833 571 3932 (Vicarius
585 3827 706 3909 antem
719 3837 893 3936 Episcopi
909 3840 1047 3908 ratione
1062 3835 1117 3906 sni
1134 3830 1245 3907 officii

161 3933 261 4007 hanc
278 3932 486 4006 facultatem
502 3932 602 4025 certi
618 3960 693 4007 ιιοιι
710 3934 845 4021 habet,
866 3932 975 4035 proiit
987 3945 1116 4005 notant
1133 3929 1245 4008 Salm.

154 4031 242 4130 ils.)
258 4022 337 4108 lm's
351 4029 459 4111 addit
475 4031 668 4148 Pigeatell.
684 4047 713 4125 t,
731 4036 766 4112 3.
784 4030 948 4119 Censuit
967 4030 1013 4108 ³3
1027 4057 1066 4105 n.
1080 4030 1102 4105 5
1118 4029 1249 4133 ibique

1330 4390 1454 4658 d
