<?xml version="1.0" encoding="UTF-8"?>
<!DOCTYPE html PUBLIC "-//W3C//DTD XHTML 1.0 Transitional//EN"
    "http://www.w3.org/TR/xhtml1/DTD/xhtml1-transitional.dtd">
<html xmlns="http://www.w3.org/1999/xhtml" xml:lang="en" lang="en">
 <head>
  <title>
</title>
<meta http-equiv="Content-Type" content="text/html;charset=utf-8" />
  <meta name='ocr-system' content='tesseract 3.04.00' />
  <meta name='ocr-capabilities' content='ocr_page ocr_carea ocr_par ocr_line ocrx_word'/>
</head>
<body>
  <div class='ocr_page' id='page_1' title='image "./theologiamorali05ligugoog_0081.png"; bbox 0 0 2917 4709; ppageno 0'>
   <div class='ocr_carea' id='block_1_1' title="bbox 112 243 1221 1152">
    <p class='ocr_par' dir='ltr' id='par_1_1' title="bbox 112 243 1221 1152">
     <span class='ocr_line' id='line_1_1' title="bbox 236 243 1219 346; baseline 0.003 -27"><span class='ocrx_word' id='word_1_1' title='bbox 236 243 319 341; x_wconf 61' lang='grc' dir='ltr'><strong>Θήρ.</strong></span> <span class='ocrx_word' id='word_1_2' title='bbox 341 249 387 322; x_wconf 81' lang='grc' dir='ltr'><strong>Π.</strong></span> <span class='ocrx_word' id='word_1_3' title='bbox 401 251 489 321; x_wconf 76' lang='lat' dir='ltr'><strong>nus.</strong></span> <span class='ocrx_word' id='word_1_4' title='bbox 506 253 566 323; x_wconf 81' lang='lat' dir='ltr'><strong>tv.</strong></span> <span class='ocrx_word' id='word_1_5' title='bbox 579 254 632 323; x_wconf 83' lang='lat' dir='ltr'><strong>De</strong></span> <span class='ocrx_word' id='word_1_6' title='bbox 642 252 794 323; x_wconf 79' lang='lat' dir='ltr'><strong>Ministro</strong></span> <span class='ocrx_word' id='word_1_7' title='bbox 802 252 897 346; x_wconf 83' lang='lat' dir='ltr'><strong>hujus</strong></span> <span class='ocrx_word' id='word_1_8' title='bbox 905 251 1113 322; x_wconf 74' lang='lat' dir='ltr'><strong>Sumenti.</strong></span> <span class='ocrx_word' id='word_1_9' title='bbox 1160 252 1219 342; x_wconf 71' lang='lat'><strong>&#39;⁶2</strong></span> 
     </span>
     <span class='ocr_line' id='line_1_2' title="bbox 112 350 1221 461; baseline 0.003 -23"><span class='ocrx_word' id='word_1_10' title='bbox 112 429 117 438; x_wconf 92' lang='lat'><em>.</em></span> <span class='ocrx_word' id='word_1_11' title='bbox 144 350 268 460; x_wconf 56' lang='lat' dir='ltr'><strong>vind</strong></span> <span class='ocrx_word' id='word_1_12' title='bbox 282 362 423 444; x_wconf 83' lang='lat' dir='ltr'><strong>locum.</strong></span> <span class='ocrx_word' id='word_1_13' title='bbox 443 365 514 440; x_wconf 81' lang='lat' dir='ltr'><strong>Sed</strong></span> <span class='ocrx_word' id='word_1_14' title='bbox 531 366 611 439; x_wconf 81' lang='lat' dir='ltr'><strong>hoec</strong></span> <span class='ocrx_word' id='word_1_15' title='bbox 624 367 716 440; x_wconf 81' lang='lat' dir='ltr'><strong>ratio</strong></span> <span class='ocrx_word' id='word_1_16' title='bbox 724 373 799 439; x_wconf 82' lang='lat' dir='ltr'><strong>non</strong></span> <span class='ocrx_word' id='word_1_17' title='bbox 811 364 963 439; x_wconf 75' lang='lat' dir='ltr'><strong>omnino</strong></span> <span class='ocrx_word' id='word_1_18' title='bbox 972 365 1221 461; x_wconf 77' lang='lat' dir='ltr'><strong>suodet.quia</strong></span> 
     </span>
     <span class='ocr_line' id='line_1_3' title="bbox 139 456 1217 563; baseline 0.002 -33"><span class='ocrx_word' id='word_1_19' title='bbox 139 456 383 541; x_wconf 74' lang='lat' dir='ltr'><strong>(utilissimus</strong></span> <span class='ocrx_word' id='word_1_20' title='bbox 400 463 426 539; x_wconf 88' lang='lat' dir='ltr'><strong>l.</strong></span> <span class='ocrx_word' id='word_1_21' title='bbox 452 492 465 539; x_wconf 87' lang='lat' dir='ltr'><strong>r</strong></span> <span class='ocrx_word' id='word_1_22' title='bbox 490 491 526 539; x_wconf 89' lang='lat' dir='ltr'><strong>u.</strong></span> <span class='ocrx_word' id='word_1_23' title='bbox 553 465 630 542; x_wconf 81' lang='lat'><strong>156.</strong></span> <span class='ocrx_word' id='word_1_24' title='bbox 649 490 682 560; x_wconf 68' lang='lat' dir='ltr'><strong>t.</strong></span> <span class='ocrx_word' id='word_1_25' title='bbox 698 463 909 538; x_wconf 69' lang='lat' dir='ltr'><strong>Notandum</strong></span> <span class='ocrx_word' id='word_1_26' title='bbox 925 463 994 559; x_wconf 85' lang='grc' dir='ltr'><strong>ΙΙ.)</strong></span> <span class='ocrx_word' id='word_1_27' title='bbox 1011 460 1217 563; x_wconf 84' lang='lat' dir='ltr'><strong>probabili·</strong></span> 
     </span>
     <span class='ocr_line' id='line_1_4' title="bbox 131 553 1221 661; baseline 0.015 -44"><span class='ocrx_word' id='word_1_28' title='bbox 131 561 199 623; x_wconf 76' lang='lat' dir='ltr'><strong>ter</strong></span> <span class='ocrx_word' id='word_1_29' title='bbox 223 553 438 654; x_wconf 71' lang='lat' dir='ltr'><strong>hujusmodi</strong></span> <span class='ocrx_word' id='word_1_30' title='bbox 455 563 687 640; x_wconf 41' lang='lat' dir='ltr'><strong>*monosterii</strong></span> <span class='ocrx_word' id='word_1_31' title='bbox 716 567 825 636; x_wconf 72' lang='lat' dir='ltr'><strong>etium</strong></span> <span class='ocrx_word' id='word_1_32' title='bbox 852 560 976 661; x_wconf 66' lang='lat' dir='ltr'><strong>quoad</strong></span> <span class='ocrx_word' id='word_1_33' title='bbox 992 560 1115 634; x_wconf 86' lang='lat' dir='ltr'><strong>locum</strong></span> <span class='ocrx_word' id='word_1_34' title='bbox 1132 576 1221 633; x_wconf 82' lang='lat' dir='ltr'><strong>sunt</strong></span> 
     </span>
     <span class='ocr_line' id='line_1_5' title="bbox 132 658 1220 760; baseline 0 -26"><span class='ocrx_word' id='word_1_35' title='bbox 132 671 333 760; x_wconf 55' lang='lat' dir='ltr'><strong>⁴ysernptu,</strong></span> <span class='ocrx_word' id='word_1_36' title='bbox 351 658 442 736; x_wconf 83' lang='lat' dir='ltr'><strong>dum</strong></span> <span class='ocrx_word' id='word_1_37' title='bbox 460 661 719 737; x_wconf 68' lang='lat' dir='ltr'><strong>Tridentium</strong></span> <span class='ocrx_word' id='word_1_38' title='bbox 736 686 824 737; x_wconf 87' lang='lat' dir='ltr'><strong>sess.</strong></span> <span class='ocrx_word' id='word_1_39' title='bbox 850 664 892 753; x_wconf 49' lang='lat'><strong>114</strong></span> <span class='ocrx_word' id='word_1_40' title='bbox 907 686 940 734; x_wconf 82' lang='lat' dir='ltr'><strong>c.</strong></span> <span class='ocrx_word' id='word_1_41' title='bbox 955 662 977 735; x_wconf 87' lang='grc'><strong><em>5</em></strong></span> <span class='ocrx_word' id='word_1_42' title='bbox 993 660 1039 732; x_wconf 90' lang='lat' dir='ltr'><strong>de</strong></span> <span class='ocrx_word' id='word_1_43' title='bbox 1060 658 1220 734; x_wconf 77' lang='lat' dir='ltr'><strong>Reform.</strong></span> 
     </span>
     <span class='ocr_line' id='line_1_6' title="bbox 138 751 1218 860; baseline 0.006 -38"><span class='ocrx_word' id='word_1_44' title='bbox 138 770 181 836; x_wconf 68' lang='grc' dir='ltr'><strong>ιιι</strong></span> <span class='ocrx_word' id='word_1_45' title='bbox 208 751 283 827; x_wconf 83' lang='lat' dir='ltr'><strong>fine</strong></span> <span class='ocrx_word' id='word_1_46' title='bbox 309 760 470 858; x_wconf 78' lang='lat' dir='ltr'><strong>appellnt</strong></span> <span class='ocrx_word' id='word_1_47' title='bbox 491 765 568 856; x_wconf 66' lang='lat' dir='ltr'><strong>tim</strong></span> <span class='ocrx_word' id='word_1_48' title='bbox 589 783 789 860; x_wconf 83' lang='lat' dir='ltr'><strong>personas,</strong></span> <span class='ocrx_word' id='word_1_49' title='bbox 814 763 925 858; x_wconf 75' lang='lat' dir='ltr'><strong>quim</strong></span> <span class='ocrx_word' id='word_1_50' title='bbox 940 757 1021 830; x_wconf 83' lang='lat' dir='ltr'><strong>loca</strong></span> <span class='ocrx_word' id='word_1_51' title='bbox 1038 771 1218 855; x_wconf 81' lang='lat' dir='ltr'><strong>exempto.</strong></span> 
     </span>
     <span class='ocr_line' id='line_1_7' title="bbox 137 843 1220 960; baseline -0.003 -33"><span class='ocrx_word' id='word_1_52' title='bbox 137 843 246 960; x_wconf 67' lang='lat' dir='ltr'><strong>thfio</strong></span> <span class='ocrx_word' id='word_1_53' title='bbox 260 855 351 940; x_wconf 81' lang='lat' dir='ltr'><strong>mihi</strong></span> <span class='ocrx_word' id='word_1_54' title='bbox 369 859 488 954; x_wconf 89' lang='lat' dir='ltr'><strong>potior</strong></span> <span class='ocrx_word' id='word_1_55' title='bbox 503 873 579 952; x_wconf 80' lang='lat' dir='ltr'><strong>est,</strong></span> <span class='ocrx_word' id='word_1_56' title='bbox 599 858 685 956; x_wconf 77' lang='lat' dir='ltr'><strong>quia</strong></span> <span class='ocrx_word' id='word_1_57' title='bbox 704 883 854 934; x_wconf 77' lang='lat' dir='ltr'><strong>casuum</strong></span> <span class='ocrx_word' id='word_1_58' title='bbox 872 857 1066 930; x_wconf 79' lang='lat' dir='ltr'><strong>reservatio</strong></span> <span class='ocrx_word' id='word_1_59' title='bbox 1080 860 1095 947; x_wconf 90' lang='lat'>(</span> <span class='ocrx_word' id='word_1_60' title='bbox 1107 852 1220 927; x_wconf 88' lang='lat' dir='ltr'><strong>utdi-</strong></span> 
     </span>
     <span class='ocr_line' id='line_1_8' title="bbox 136 950 1220 1055; baseline 0.008 -39"><span class='ocrx_word' id='word_1_61' title='bbox 136 968 262 1021; x_wconf 85' lang='lat' dir='ltr'><strong>xrmus</strong></span> <span class='ocrx_word' id='word_1_62' title='bbox 286 979 324 1026; x_wconf 97' lang='grc' dir='ltr'><strong>ιι.</strong></span> <span class='ocrx_word' id='word_1_63' title='bbox 353 957 466 1049; x_wconf 68' lang='lat' dir='ltr'><strong>sss.)</strong></span> <span class='ocrx_word' id='word_1_64' title='bbox 492 981 567 1030; x_wconf 90' lang='lat' dir='ltr'><strong>nou</strong></span> <span class='ocrx_word' id='word_1_65' title='bbox 598 957 850 1055; x_wconf 74' lang='lat' dir='ltr'><strong>jamrespicit</strong></span> <span class='ocrx_word' id='word_1_66' title='bbox 872 955 1128 1054; x_wconf 82' lang='lat' dir='ltr'><strong>poeniteotem,</strong></span> <span class='ocrx_word' id='word_1_67' title='bbox 1153 950 1220 1025; x_wconf 84' lang='lat' dir='ltr'><strong>scd</strong></span> 
     </span>
     <span class='ocr_line' id='line_1_9' title="bbox 139 1042 1221 1152; baseline 0.004 -34"><span class='ocrx_word' id='word_1_68' title='bbox 139 1042 428 1137; x_wconf 66' lang='lat' dir='ltr'><strong>corrosanum,</strong></span> <span class='ocrx_word' id='word_1_69' title='bbox 446 1053 507 1146; x_wconf 82' lang='lat' dir='ltr'><strong>cui</strong></span> <span class='ocrx_word' id='word_1_70' title='bbox 526 1053 706 1128; x_wconf 78' lang='lat' dir='ltr'><strong>limitatur</strong></span> <span class='ocrx_word' id='word_1_71' title='bbox 720 1052 948 1152; x_wconf 80' lang='lat' dir='ltr'><strong>jurisdictio:</strong></span> <span class='ocrx_word' id='word_1_72' title='bbox 965 1050 1062 1125; x_wconf 71' lang='lat' dir='ltr'><strong>unde</strong></span> <span class='ocrx_word' id='word_1_73' title='bbox 1076 1045 1221 1126; x_wconf 81' lang='lat' dir='ltr'><strong>Confes-</strong></span> 
     </span>
    </p>
   </div>
   <div class='ocr_carea' id='block_1_2' title="bbox 2 1146 1221 1252">
    <p class='ocr_par' dir='ltr' id='par_1_2' title="bbox 2 1146 1221 1252">
     <span class='ocr_line' id='line_1_10' title="bbox 2 1146 1221 1252; baseline 0.007 -41"><span class='ocrx_word' id='word_1_74' title='bbox 2 1213 3 1252; x_wconf 19' lang='grc' dir='ltr'><strong>ἶ</strong></span> <span class='ocrx_word' id='word_1_75' title='bbox 132 1146 279 1229; x_wconf 74' lang='lat' dir='ltr'><strong>sarius,</strong></span> <span class='ocrx_word' id='word_1_76' title='bbox 296 1154 361 1250; x_wconf 90' lang='lat' dir='ltr'><strong>qui</strong></span> <span class='ocrx_word' id='word_1_77' title='bbox 376 1152 644 1227; x_wconf 75' lang='lat' dir='ltr'><strong>absolutionem</strong></span> <span class='ocrx_word' id='word_1_78' title='bbox 662 1176 736 1225; x_wconf 89' lang='lat' dir='ltr'><strong>non</strong></span> <span class='ocrx_word' id='word_1_79' title='bbox 752 1177 796 1225; x_wconf 77' lang='lat' dir='ltr'><strong>ex</strong></span> <span class='ocrx_word' id='word_1_80' title='bbox 813 1154 883 1225; x_wconf 83' lang='lat' dir='ltr'><strong>aliu</strong></span> <span class='ocrx_word' id='word_1_81' title='bbox 901 1150 1087 1246; x_wconf 87' lang='lat' dir='ltr'><strong>impertire</strong></span> <span class='ocrx_word' id='word_1_82' title='bbox 1100 1161 1221 1250; x_wconf 89' lang='lat' dir='ltr'><strong>potest</strong></span> 
     </span>
    </p>
   </div>
   <div class='ocr_carea' id='block_1_3' title="bbox 132 1235 1282 2326">
    <p class='ocr_par' dir='ltr' id='par_1_3' title="bbox 132 1235 1225 2106">
     <span class='ocr_line' id='line_1_11' title="bbox 138 1235 1221 1363; baseline 0.002 -48"><span class='ocrx_word' id='word_1_83' title='bbox 138 1235 232 1355; x_wconf 70' lang='lat' dir='ltr'><strong>huic</strong></span> <span class='ocrx_word' id='word_1_84' title='bbox 248 1253 462 1344; x_wconf 77' lang='lat' dir='ltr'><strong>poeuitenti.</strong></span> <span class='ocrx_word' id='word_1_85' title='bbox 481 1256 655 1350; x_wconf 74' lang='lat' dir='ltr'><strong>quim-ex</strong></span> <span class='ocrx_word' id='word_1_86' title='bbox 669 1249 846 1323; x_wconf 73' lang='lat' dir='ltr'>facultate</span> <span class='ocrx_word' id='word_1_87' title='bbox 861 1252 918 1324; x_wconf 90' lang='lat' dir='ltr'><strong>sui</strong></span> <span class='ocrx_word' id='word_1_88' title='bbox 935 1250 1135 1363; x_wconf 78' lang='lat' dir='ltr'>Episcopi,</span> <span class='ocrx_word' id='word_1_89' title='bbox 1155 1270 1221 1318; x_wconf 84' lang='lat' dir='ltr'><strong>ne·</strong></span> 
     </span>
     <span class='ocr_line' id='line_1_12' title="bbox 137 1341 1222 1447; baseline 0.008 -38"><span class='ocrx_word' id='word_1_90' title='bbox 137 1354 224 1433; x_wconf 87' lang='lat' dir='ltr'><strong>qurt</strong></span> <span class='ocrx_word' id='word_1_91' title='bbox 240 1343 349 1420; x_wconf 86' lang='lat' dir='ltr'><strong>illum</strong></span> <span class='ocrx_word' id='word_1_92' title='bbox 364 1345 576 1442; x_wconf 77' lang='lat' dir='ltr'><strong>absolvere,</strong></span> <span class='ocrx_word' id='word_1_93' title='bbox 593 1374 678 1422; x_wconf 91' lang='lat' dir='ltr'><strong>cum</strong></span> <span class='ocrx_word' id='word_1_94' title='bbox 697 1346 745 1420; x_wconf 84' lang='lat' dir='ltr'><strong>ob</strong></span> <span class='ocrx_word' id='word_1_95' title='bbox 761 1349 891 1421; x_wconf 68' lang='lat' dir='ltr'><strong>eodan</strong></span> <span class='ocrx_word' id='word_1_96' title='bbox 903 1349 1088 1447; x_wconf 88' lang='lat' dir='ltr'><strong>Epucopo</strong></span> <span class='ocrx_word' id='word_1_97' title='bbox 1100 1341 1222 1418; x_wconf 81' lang='lat' dir='ltr'><strong>iacul-</strong></span> 
     </span>
     <span class='ocr_line' id='line_1_13' title="bbox 136 1439 1222 1527; baseline 0.006 -19"><span class='ocrx_word' id='word_1_98' title='bbox 136 1446 196 1508; x_wconf 75' lang='lat' dir='ltr'><strong>tus</strong></span> <span class='ocrx_word' id='word_1_99' title='bbox 208 1439 256 1513; x_wconf 88' lang='lat' dir='ltr'><strong>sit</strong></span> <span class='ocrx_word' id='word_1_100' title='bbox 266 1444 298 1515; x_wconf 90' lang='lat' dir='ltr'><strong>ei</strong></span> <span class='ocrx_word' id='word_1_101' title='bbox 311 1444 476 1521; x_wconf 77' lang='lat' dir='ltr'><strong>limitato.</strong></span> <span class='ocrx_word' id='word_1_102' title='bbox 492 1446 597 1523; x_wconf 86' lang='lat' dir='ltr'><strong>Etob</strong></span> <span class='ocrx_word' id='word_1_103' title='bbox 607 1445 774 1527; x_wconf 80' lang='lat' dir='ltr'><strong>eumdem</strong></span> <span class='ocrx_word' id='word_1_104' title='bbox 788 1447 967 1520; x_wconf 83' lang='lat' dir='ltr'><strong>rationem</strong></span> <span class='ocrx_word' id='word_1_105' title='bbox 979 1444 1080 1526; x_wconf 80' lang='lat' dir='ltr'><strong>idem</strong></span> <span class='ocrx_word' id='word_1_106' title='bbox 1094 1443 1222 1517; x_wconf 87' lang='lat' dir='ltr'><strong>diceu-</strong></span> 
     </span>
     <span class='ocr_line' id='line_1_14' title="bbox 138 1530 1221 1647; baseline 0.007 -40"><span class='ocrx_word' id='word_1_107' title='bbox 138 1530 234 1610; x_wconf 84' lang='lat' dir='ltr'><strong>dum</strong></span> <span class='ocrx_word' id='word_1_108' title='bbox 248 1566 334 1615; x_wconf 87' lang='lat' dir='ltr'><strong>cum</strong></span> <span class='ocrx_word' id='word_1_109' title='bbox 347 1544 511 1647; x_wconf 64' lang='lat' dir='ltr'><strong>Renup.</strong></span> <span class='ocrx_word' id='word_1_110' title='bbox 531 1544 598 1620; x_wconf 84' lang='lat'><strong>106</strong></span> <span class='ocrx_word' id='word_1_111' title='bbox 612 1571 649 1646; x_wconf 87' lang='lat' dir='ltr'><strong>q.</strong></span> <span class='ocrx_word' id='word_1_112' title='bbox 670 1572 681 1618; x_wconf 93' lang='grc' dir='ltr'><strong>ι</strong></span> <span class='ocrx_word' id='word_1_113' title='bbox 699 1547 739 1626; x_wconf 85' lang='lat' dir='ltr'><strong>R.</strong></span> <span class='ocrx_word' id='word_1_114' title='bbox 762 1572 773 1617; x_wconf 87' lang='grc' dir='ltr'><strong>ι</strong></span> <span class='ocrx_word' id='word_1_115' title='bbox 791 1544 905 1617; x_wconf 82' lang='lat' dir='ltr'><strong>Cone.</strong></span> <span class='ocrx_word' id='word_1_116' title='bbox 919 1544 990 1616; x_wconf 75' lang='lat' dir='ltr'><strong>lc.</strong></span> <span class='ocrx_word' id='word_1_117' title='bbox 1005 1541 1157 1616; x_wconf 78' lang='lat' dir='ltr'><strong>Sulmo.</strong></span> <span class='ocrx_word' id='word_1_118' title='bbox 1178 1542 1221 1615; x_wconf 79' lang='lat'><strong>13</strong></span> 
     </span>
     <span class='ocr_line' id='line_1_15' title="bbox 138 1637 1222 1741; baseline -0.003 -28"><span class='ocrx_word' id='word_1_119' title='bbox 138 1655 184 1706; x_wconf 82' lang='lat'><strong>11·</strong></span> <span class='ocrx_word' id='word_1_120' title='bbox 202 1637 260 1713; x_wconf 81' lang='lat'><strong>26.</strong></span> <span class='ocrx_word' id='word_1_121' title='bbox 273 1641 378 1740; x_wconf 72' lang='grc' dir='ltr'><strong>Ιιιιιςο</strong></span> <span class='ocrx_word' id='word_1_122' title='bbox 395 1643 432 1715; x_wconf 89' lang='lat' dir='ltr'><strong>d.</strong></span> <span class='ocrx_word' id='word_1_123' title='bbox 445 1669 491 1717; x_wconf 76' lang='lat' dir='ltr'><strong>so</strong></span> <span class='ocrx_word' id='word_1_124' title='bbox 507 1670 544 1718; x_wconf 90' lang='lat' dir='ltr'><strong>n.</strong></span> <span class='ocrx_word' id='word_1_125' title='bbox 560 1668 619 1741; x_wconf 81' lang='lat'><strong>7²·</strong></span> <span class='ocrx_word' id='word_1_126' title='bbox 637 1657 674 1715; x_wconf 86' lang='lat' dir='ltr'><strong>et</strong></span> <span class='ocrx_word' id='word_1_127' title='bbox 688 1641 789 1725; x_wconf 78' lang='lat' dir='ltr'><strong>aliis,</strong></span> <span class='ocrx_word' id='word_1_128' title='bbox 804 1642 929 1715; x_wconf 79' lang='lat' dir='ltr'><strong>situlis</strong></span> <span class='ocrx_word' id='word_1_129' title='bbox 946 1642 1126 1740; x_wconf 81' lang='lat' dir='ltr'><strong>poenitens</strong></span> <span class='ocrx_word' id='word_1_130' title='bbox 1138 1662 1222 1738; x_wconf 88' lang='lat' dir='ltr'><strong>pec·</strong></span> 
     </span>
     <span class='ocr_line' id='line_1_16' title="bbox 139 1737 1223 1840; baseline 0.005 -38"><span class='ocrx_word' id='word_1_131' title='bbox 139 1744 297 1824; x_wconf 78' lang='lat' dir='ltr'><strong>catum,</strong></span> <span class='ocrx_word' id='word_1_132' title='bbox 319 1740 417 1836; x_wconf 86' lang='lat' dir='ltr'><strong>quod</strong></span> <span class='ocrx_word' id='word_1_133' title='bbox 440 1757 495 1816; x_wconf 89' lang='lat' dir='ltr'><strong>est</strong></span> <span class='ocrx_word' id='word_1_134' title='bbox 522 1755 744 1815; x_wconf 71' lang='lat' dir='ltr'><strong>resemutum</strong></span> <span class='ocrx_word' id='word_1_135' title='bbox 767 1742 806 1813; x_wconf 92' lang='lat' dir='ltr'><strong>iu</strong></span> <span class='ocrx_word' id='word_1_136' title='bbox 824 1766 888 1813; x_wconf 83' lang='lat' dir='ltr'><strong>sun</strong></span> <span class='ocrx_word' id='word_1_137' title='bbox 907 1741 1043 1840; x_wconf 80' lang='lat' dir='ltr'><strong>putris,</strong></span> <span class='ocrx_word' id='word_1_138' title='bbox 1064 1737 1223 1811; x_wconf 87' lang='lat' dir='ltr'><strong>commi-</strong></span> 
     </span>
     <span class='ocr_line' id='line_1_17' title="bbox 136 1831 1224 1937; baseline 0.004 -36"><span class='ocrx_word' id='word_1_139' title='bbox 136 1831 234 1904; x_wconf 80' lang='lat' dir='ltr'><strong>serit</strong></span> <span class='ocrx_word' id='word_1_140' title='bbox 254 1838 293 1908; x_wconf 90' lang='lat' dir='ltr'><strong>in</strong></span> <span class='ocrx_word' id='word_1_141' title='bbox 310 1837 489 1927; x_wconf 85' lang='lat' dir='ltr'><strong>Dioecesi,</strong></span> <span class='ocrx_word' id='word_1_142' title='bbox 508 1839 570 1912; x_wconf 89' lang='lat' dir='ltr'><strong>ubi</strong></span> <span class='ocrx_word' id='word_1_143' title='bbox 588 1854 812 1911; x_wconf 72' lang='lat' dir='ltr'><strong>reservatum</strong></span> <span class='ocrx_word' id='word_1_144' title='bbox 833 1852 977 1937; x_wconf 71' lang='lat' dir='ltr'><strong>nonest</strong></span> <span class='ocrx_word' id='word_1_145' title='bbox 992 1837 1050 1907; x_wconf 88' lang='lat' dir='ltr'><strong>:is</strong></span> <span class='ocrx_word' id='word_1_146' title='bbox 1071 1833 1224 1934; x_wconf 86' lang='lat' dir='ltr'><strong>quidem</strong></span> 
     </span>
     <span class='ocr_line' id='line_1_18' title="bbox 138 1923 1225 2100; baseline 0.001 -97"><span class='ocrx_word' id='word_1_147' title='bbox 138 1951 223 2100; x_wconf 49' lang='lat' dir='ltr'><strong>popu</strong></span> <span class='ocrx_word' id='word_1_148' title='bbox 237 1938 371 2048; x_wconf 77' lang='lat' dir='ltr'><strong>poterit</strong></span> <span class='ocrx_word' id='word_1_149' title='bbox 382 1938 422 2011; x_wconf 90' lang='lat' dir='ltr'><strong>iu</strong></span> <span class='ocrx_word' id='word_1_150' title='bbox 439 1939 586 2039; x_wconf 85' lang='lat' dir='ltr'><strong>propris</strong></span> <span class='ocrx_word' id='word_1_151' title='bbox 601 1937 756 2012; x_wconf 81' lang='lat' dir='ltr'><strong>Dioecesi</strong></span> <span class='ocrx_word' id='word_1_152' title='bbox 768 1923 904 2008; x_wconf 69' lang='lat' dir='ltr'><strong>absolii</strong></span> <span class='ocrx_word' id='word_1_153' title='bbox 920 1939 942 2008; x_wconf 71' lang='lat' dir='ltr'><strong>l</strong></span> <span class='ocrx_word' id='word_1_154' title='bbox 956 1933 1116 2034; x_wconf 74' lang='lat' dir='ltr'><strong>simplici</strong></span> <span class='ocrx_word' id='word_1_155' title='bbox 1131 1933 1225 2042; x_wconf 84' lang='lat' dir='ltr'><strong>Con·</strong></span> 
     </span>
     <span class='ocr_line' id='line_1_19' title="bbox 132 2055 556 2106; baseline -0.017 0"><span class='ocrx_word' id='word_1_156' title='bbox 132 2095 137 2106; x_wconf 95' lang='lat'><em>.</em></span> <span class='ocrx_word' id='word_1_157' title='bbox 202 2055 312 2106; x_wconf 85' lang='lat' dir='ltr'><strong>ssrro.</strong></span> <span class='ocrx_word' id='word_1_158' title='bbox 549 2083 556 2099; x_wconf 85' lang='lat'><em>.</em></span> 
     </span>
    </p>

    <p class='ocr_par' dir='ltr' id='par_1_4' title="bbox 133 2107 1282 2326">
     <span class='ocr_line' id='line_1_20' title="bbox 193 2107 1282 2232; baseline 0.004 -33"><span class='ocrx_word' id='word_1_159' title='bbox 193 2128 395 2204; x_wconf 83' lang='lat' dir='ltr'><strong>Dubitstur</strong></span> <span class='ocrx_word' id='word_1_160' title='bbox 410 2132 449 2207; x_wconf 89' lang='grc'><strong>6.</strong></span> <span class='ocrx_word' id='word_1_161' title='bbox 475 2134 533 2207; x_wconf 82' lang='lat' dir='ltr'><strong>Au</strong></span> <span class='ocrx_word' id='word_1_162' title='bbox 560 2129 736 2232; x_wconf 85' lang='lat' dir='ltr'><strong>Episcopi</strong></span> <span class='ocrx_word' id='word_1_163' title='bbox 756 2132 898 2232; x_wconf 87' lang='lat' dir='ltr'><strong>possint</strong></span> <span class='ocrx_word' id='word_1_164' title='bbox 915 2128 1100 2205; x_wconf 79' lang='lat' dir='ltr'><strong>absolvere</strong></span> <span class='ocrx_word' id='word_1_165' title='bbox 1160 2107 1282 2203; x_wconf 69' lang='lat' dir='ltr'><strong>res-⁵⁹⁸</strong></span> 
     </span>
     <span class='ocr_line' id='line_1_21' title="bbox 133 2225 1224 2326; baseline -0.005 -20"><span class='ocrx_word' id='word_1_166' title='bbox 133 2225 268 2323; x_wconf 77' lang='lat' dir='ltr'><strong>‚grisros</strong></span> <span class='ocrx_word' id='word_1_167' title='bbox 288 2230 326 2302; x_wconf 92' lang='lat' dir='ltr'><strong>in</strong></span> <span class='ocrx_word' id='word_1_168' title='bbox 350 2257 414 2302; x_wconf 87' lang='lat' dir='ltr'><strong>sun</strong></span> <span class='ocrx_word' id='word_1_169' title='bbox 432 2231 590 2306; x_wconf 74' lang='lat' dir='ltr'><strong>Diuersi</strong></span> <span class='ocrx_word' id='word_1_170' title='bbox 610 2245 794 2304; x_wconf 78' lang='lat' dir='ltr'><strong>versantes</strong></span> <span class='ocrx_word' id='word_1_171' title='bbox 814 2227 997 2304; x_wconf 77' lang='lat' dir='ltr'><strong>irensibus</strong></span> <span class='ocrx_word' id='word_1_172' title='bbox 1012 2231 1089 2326; x_wconf 77' lang='lat' dir='ltr'><strong>Pap</strong></span> <span class='ocrx_word' id='word_1_173' title='bbox 1131 2227 1224 2318; x_wconf 85' lang='lat' dir='ltr'><strong>&#39;bus,</strong></span> 
     </span>
    </p>
   </div>
   <div class='ocr_carea' id='block_1_4' title="bbox 138 2326 1230 2498">
    <p class='ocr_par' dir='ltr' id='par_1_5' title="bbox 138 2326 1230 2498">
     <span class='ocr_line' id='line_1_22' title="bbox 138 2326 1230 2498; baseline 0.001 -101"><span class='ocrx_word' id='word_1_174' title='bbox 138 2340 184 2397; x_wconf 82' lang='lat' dir='ltr'><strong>et</strong></span> <span class='ocrx_word' id='word_1_175' title='bbox 194 2331 339 2400; x_wconf 86' lang='lat' dir='ltr'><strong>cumeis</strong></span> <span class='ocrx_word' id='word_1_176' title='bbox 355 2326 567 2427; x_wconf 73' lang='lat' dir='ltr'><strong>dispensare</strong></span> <span class='ocrx_word' id='word_1_177' title='bbox 583 2329 620 2402; x_wconf 87' lang='lat' dir='ltr'><strong>iu</strong></span> <span class='ocrx_word' id='word_1_178' title='bbox 638 2326 966 2498; x_wconf 55' lang='lat' dir='ltr'><strong>irrepulsritstibus</strong></span> <span class='ocrx_word' id='word_1_179' title='bbox 976 2342 1012 2399; x_wconf 86' lang='lat' dir='ltr'><strong>et</strong></span> <span class='ocrx_word' id='word_1_180' title='bbox 1022 2328 1230 2425; x_wconf 85' lang='lat' dir='ltr'><strong>suspensio-</strong></span> 
     </span>
    </p>
   </div>
   <div class='ocr_carea' id='block_1_5' title="bbox 140 2422 1325 3114">
    <p class='ocr_par' dir='ltr' id='par_1_6' title="bbox 140 2422 1325 3114">
     <span class='ocr_line' id='line_1_23' title="bbox 140 2422 1228 2524; baseline 0.003 -29"><span class='ocrx_word' id='word_1_181' title='bbox 140 2422 256 2496; x_wconf 81' lang='lat' dir='ltr'><strong>nibus</strong></span> <span class='ocrx_word' id='word_1_182' title='bbox 270 2429 375 2524; x_wconf 79' lang='lat' dir='ltr'><strong>Papoe</strong></span> <span class='ocrx_word' id='word_1_183' title='bbox 392 2426 697 2519; x_wconf 80' lang='lat' dir='ltr'><strong>reservatisiQuo</strong></span> <span class='ocrx_word' id='word_1_184' title='bbox 739 2425 785 2498; x_wconf 78' lang='lat' dir='ltr'><strong>sd</strong></span> <span class='ocrx_word' id='word_1_185' title='bbox 800 2426 898 2508; x_wconf 83' lang='lat' dir='ltr'><strong>hooc</strong></span> <span class='ocrx_word' id='word_1_186' title='bbox 915 2425 1228 2524; x_wconf 74' lang='lat' dir='ltr'><strong>dispensationem</strong></span> 
     </span>
     <span class='ocr_line' id='line_1_24' title="bbox 141 2522 1223 2636; baseline 0.003 -43"><span class='ocrx_word' id='word_1_187' title='bbox 141 2524 322 2636; x_wconf 82' lang='lat' dir='ltr'><strong>pertinet,</strong></span> <span class='ocrx_word' id='word_1_188' title='bbox 338 2522 501 2599; x_wconf 83' lang='lat' dir='ltr'><strong>decisum</strong></span> <span class='ocrx_word' id='word_1_189' title='bbox 515 2530 601 2598; x_wconf 78' lang='lat' dir='ltr'><strong>estis</strong></span> <span class='ocrx_word' id='word_1_190' title='bbox 613 2527 790 2625; x_wconf 79' lang='lat' dir='ltr'><strong>Gregorio</strong></span> <span class='ocrx_word' id='word_1_191' title='bbox 801 2526 897 2598; x_wconf 83' lang='lat' dir='ltr'><strong>XIII.</strong></span> <span class='ocrx_word' id='word_1_192' title='bbox 909 2525 924 2604; x_wconf 66' lang='lat' dir='ltr'><strong>,i</strong></span> <span class='ocrx_word' id='word_1_193' title='bbox 935 2540 976 2596; x_wconf 91' lang='lat' dir='ltr'><strong>ut</strong></span> <span class='ocrx_word' id='word_1_194' title='bbox 988 2523 1100 2596; x_wconf 80' lang='lat' dir='ltr'><strong>refert</strong></span> <span class='ocrx_word' id='word_1_195' title='bbox 1111 2522 1161 2594; x_wconf 85' lang='lat' dir='ltr'><strong>Fu</strong></span> <span class='ocrx_word' id='word_1_196' title='bbox 1214 2577 1223 2596; x_wconf 87' lang='lat'><strong>.</strong></span> 
     </span>
     <span class='ocr_line' id='line_1_25' title="bbox 142 2617 1226 2723; baseline -0.001 -31"><span class='ocrx_word' id='word_1_197' title='bbox 142 2644 185 2692; x_wconf 86' lang='lat' dir='ltr'><strong>tn</strong></span> <span class='ocrx_word' id='word_1_198' title='bbox 204 2646 237 2695; x_wconf 88' lang='lat' dir='ltr'><strong>c.</strong></span> <span class='ocrx_word' id='word_1_199' title='bbox 255 2622 421 2696; x_wconf 87' lang='lat' dir='ltr'><strong>Dilectus</strong></span> <span class='ocrx_word' id='word_1_200' title='bbox 438 2679 447 2709; x_wconf 85' lang='grc'>,</span> <span class='ocrx_word' id='word_1_201' title='bbox 469 2624 514 2697; x_wconf 86' lang='lat' dir='ltr'><strong>de</strong></span> <span class='ocrx_word' id='word_1_202' title='bbox 530 2637 698 2723; x_wconf 88' lang='lat' dir='ltr'><strong>tempore</strong></span> <span class='ocrx_word' id='word_1_203' title='bbox 719 2622 800 2696; x_wconf 86' lang='lat' dir='ltr'><strong>ord.</strong></span> <span class='ocrx_word' id='word_1_204' title='bbox 819 2650 857 2695; x_wconf 89' lang='lat' dir='ltr'><strong>n.</strong></span> <span class='ocrx_word' id='word_1_205' title='bbox 878 2622 939 2695; x_wconf 85' lang='lat'><strong>36.</strong></span> <span class='ocrx_word' id='word_1_206' title='bbox 963 2648 999 2721; x_wconf 90' lang='lat' dir='ltr'><strong>p.</strong></span> <span class='ocrx_word' id='word_1_207' title='bbox 1019 2619 1113 2720; x_wconf 78' lang='lat'><strong>375)</strong></span> <span class='ocrx_word' id='word_1_208' title='bbox 1130 2624 1167 2692; x_wconf 88' lang='lat' dir='ltr'><strong>ni</strong></span> <span class='ocrx_word' id='word_1_209' title='bbox 1197 2617 1226 2691; x_wconf 91' lang='lat' dir='ltr'><strong>il</strong></span> 
     </span>
     <span class='ocr_line' id='line_1_26' title="bbox 142 2719 1227 2819; baseline 0.001 -31"><span class='ocrx_word' id='word_1_210' title='bbox 142 2742 254 2816; x_wconf 84' lang='lat' dir='ltr'><strong>posse</strong></span> <span class='ocrx_word' id='word_1_211' title='bbox 266 2720 492 2819; x_wconf 82' lang='lat' dir='ltr'><strong>Episcopum</strong></span> <span class='ocrx_word' id='word_1_212' title='bbox 508 2746 594 2796; x_wconf 89' lang='lat' dir='ltr'><strong>cum</strong></span> <span class='ocrx_word' id='word_1_213' title='bbox 611 2719 846 2817; x_wconf 77' lang='lat' dir='ltr'><strong>alienigenis,</strong></span> <span class='ocrx_word' id='word_1_214' title='bbox 859 2720 998 2792; x_wconf 72' lang='lat' dir='ltr'><strong>etismsi</strong></span> <span class='ocrx_word' id='word_1_215' title='bbox 1016 2719 1054 2791; x_wconf 88' lang='lat' dir='ltr'><strong>lri</strong></span> <span class='ocrx_word' id='word_1_216' title='bbox 1070 2719 1227 2815; x_wconf 81' lang='lat' dir='ltr'><strong>iungen-</strong></span> 
     </span>
     <span class='ocr_line' id='line_1_27' title="bbox 147 2813 1227 2914; baseline 0.001 -27"><span class='ocrx_word' id='word_1_217' title='bbox 147 2832 203 2888; x_wconf 87' lang='lat' dir='ltr'><strong>tes</strong></span> <span class='ocrx_word' id='word_1_218' title='bbox 218 2816 335 2891; x_wconf 90' lang='lat' dir='ltr'><strong>officio</strong></span> <span class='ocrx_word' id='word_1_219' title='bbox 352 2820 546 2900; x_wconf 74' lang='lat' dir='ltr'><strong>Praewris.</strong></span> <span class='ocrx_word' id='word_1_220' title='bbox 562 2834 624 2890; x_wconf 87' lang='lat' dir='ltr'><strong>uut</strong></span> <span class='ocrx_word' id='word_1_221' title='bbox 643 2813 776 2890; x_wconf 82' lang='lat' dir='ltr'><strong>Medici</strong></span> <span class='ocrx_word' id='word_1_222' title='bbox 789 2817 828 2890; x_wconf 91' lang='lat' dir='ltr'><strong>in</strong></span> <span class='ocrx_word' id='word_1_223' title='bbox 847 2823 927 2914; x_wconf 75' lang='lat' dir='ltr'><strong>ejus</strong></span> <span class='ocrx_word' id='word_1_224' title='bbox 945 2819 1102 2891; x_wconf 86' lang='lat' dir='ltr'><strong>Dioecesi</strong></span> <span class='ocrx_word' id='word_1_225' title='bbox 1120 2827 1227 2889; x_wconf 86' lang='lat' dir='ltr'><strong>com·</strong></span> 
     </span>
     <span class='ocr_line' id='line_1_28' title="bbox 144 2914 1228 3008; baseline 0.001 -22"><span class='ocrx_word' id='word_1_226' title='bbox 144 2933 351 2989; x_wconf 85' lang='lat' dir='ltr'><strong>morentur.</strong></span> <span class='ocrx_word' id='word_1_227' title='bbox 378 2916 509 3008; x_wconf 75' lang='lat' dir='ltr'><strong>Quoad</strong></span> <span class='ocrx_word' id='word_1_228' title='bbox 527 2915 797 2989; x_wconf 79' lang='lat' dir='ltr'><strong>absolutionem</strong></span> <span class='ocrx_word' id='word_1_229' title='bbox 818 2914 1100 3000; x_wconf 66' lang='lat' dir='ltr'><strong>verticosum,</strong></span> <span class='ocrx_word' id='word_1_230' title='bbox 1122 2940 1228 2987; x_wconf 79' lang='lat' dir='ltr'><strong>corn·</strong></span> 
     </span>
     <span class='ocr_line' id='line_1_29' title="bbox 146 3012 1325 3114; baseline 0.004 -29"><span class='ocrx_word' id='word_1_231' title='bbox 146 3037 266 3086; x_wconf 89' lang='lat' dir='ltr'><strong>mune</strong></span> <span class='ocrx_word' id='word_1_232' title='bbox 291 3031 345 3088; x_wconf 90' lang='lat' dir='ltr'><strong>est</strong></span> <span class='ocrx_word' id='word_1_233' title='bbox 366 3016 465 3114; x_wconf 82' lang='lat' dir='ltr'><strong>apud</strong></span> <span class='ocrx_word' id='word_1_234' title='bbox 481 3014 558 3087; x_wconf 84' lang='lat' dir='ltr'><strong>DD.</strong></span> <span class='ocrx_word' id='word_1_235' title='bbox 581 3013 680 3113; x_wconf 86' lang='lat' dir='ltr'><strong>quod</strong></span> <span class='ocrx_word' id='word_1_236' title='bbox 695 3016 903 3114; x_wconf 76' lang='lat' dir='ltr'><strong>Episcopus</strong></span> <span class='ocrx_word' id='word_1_237' title='bbox 918 3012 1014 3087; x_wconf 71' lang='lat' dir='ltr'><strong>bene</strong></span> <span class='ocrx_word' id='word_1_238' title='bbox 1031 3012 1146 3111; x_wconf 80' lang='lat' dir='ltr'><strong>possit</strong></span> <span class='ocrx_word' id='word_1_239' title='bbox 1163 3012 1228 3085; x_wconf 84' lang='lat' dir='ltr'><strong>ab·</strong></span> <span class='ocrx_word' id='word_1_240' title='bbox 1321 3081 1325 3090; x_wconf 82' lang='grc'><strong>.</strong></span> 
     </span>
    </p>
   </div>
   <div class='ocr_carea' id='block_1_6' title="bbox 3 3108 1232 3502">
    <p class='ocr_par' dir='ltr' id='par_1_7' title="bbox 3 3108 1232 3502">
     <span class='ocr_line' id='line_1_30' title="bbox 3 3108 1230 3210; baseline -0.001 -26"><span class='ocrx_word' id='word_1_241' title='bbox 3 3167 5 3202; x_wconf 39' lang='grc' dir='ltr'><strong>ι</strong></span> <span class='ocrx_word' id='word_1_242' title='bbox 147 3110 291 3185; x_wconf 77' lang='lat' dir='ltr'><strong>sols-cre</strong></span> <span class='ocrx_word' id='word_1_243' title='bbox 319 3118 569 3210; x_wconf 69' lang='lat' dir='ltr'><strong>peregrinos-l</strong></span> <span class='ocrx_word' id='word_1_244' title='bbox 586 3111 743 3204; x_wconf 11' lang='lat' dir='ltr'><strong>golosibus</strong></span> <span class='ocrx_word' id='word_1_245' title='bbox 771 3110 988 3207; x_wconf 78' lang='lat' dir='ltr'><strong>Pspolibus,</strong></span> <span class='ocrx_word' id='word_1_246' title='bbox 1015 3108 1129 3185; x_wconf 76' lang='lat' dir='ltr'><strong>modis</strong></span> <span class='ocrx_word' id='word_1_247' title='bbox 1154 3113 1230 3183; x_wconf 91' lang='lat' dir='ltr'><strong>sint</strong></span> 
     </span>
     <span class='ocr_line' id='line_1_31' title="bbox 3 3207 1229 3312; baseline 0.001 -31"><span class='ocrx_word' id='word_1_248' title='bbox 3 3215 6 3312; x_wconf 52' lang='grc' dir='ltr'><em>ζ</em></span> <span class='ocrx_word' id='word_1_249' title='bbox 146 3211 286 3282; x_wconf 90' lang='lat' dir='ltr'><strong>occulti</strong></span> <span class='ocrx_word' id='word_1_250' title='bbox 305 3263 313 3297; x_wconf 82' lang='lat'><strong>,</strong></span> <span class='ocrx_word' id='word_1_251' title='bbox 335 3238 378 3285; x_wconf 84' lang='lat' dir='ltr'><strong>ex</strong></span> <span class='ocrx_word' id='word_1_252' title='bbox 402 3213 572 3286; x_wconf 73' lang='lat' dir='ltr'><strong>facultate</strong></span> <span class='ocrx_word' id='word_1_253' title='bbox 588 3211 795 3284; x_wconf 82' lang='lat' dir='ltr'><strong>Tridentini</strong></span> <span class='ocrx_word' id='word_1_254' title='bbox 810 3212 849 3283; x_wconf 91' lang='lat' dir='ltr'><strong>iu</strong></span> <span class='ocrx_word' id='word_1_255' title='bbox 862 3236 896 3282; x_wconf 90' lang='lat' dir='ltr'><strong>c.</strong></span> <span class='ocrx_word' id='word_1_256' title='bbox 910 3211 1015 3283; x_wconf 81' lang='lat' dir='ltr'><strong>Licet</strong></span> <span class='ocrx_word' id='word_1_257' title='bbox 1027 3207 1052 3281; x_wconf 87' lang='lat'>6</span> <span class='ocrx_word' id='word_1_258' title='bbox 1065 3234 1151 3281; x_wconf 85' lang='lat' dir='ltr'><strong>sess.</strong></span> <span class='ocrx_word' id='word_1_259' title='bbox 1169 3210 1229 3301; x_wconf 70' lang='lat'><strong>24.</strong></span> 
     </span>
     <span class='ocr_line' id='line_1_32' title="bbox 4 3305 1232 3408; baseline 0.002 -29"><span class='ocrx_word' id='word_1_260' title='bbox 4 3327 6 3338; x_wconf 78' lang='grc'>’</span> <span class='ocrx_word' id='word_1_261' title='bbox 146 3305 203 3380; x_wconf 81' lang='lat' dir='ltr'><strong>lu</strong></span> <span class='ocrx_word' id='word_1_262' title='bbox 224 3310 329 3382; x_wconf 84' lang='lat' dir='ltr'><strong>Suor.</strong></span> <span class='ocrx_word' id='word_1_263' title='bbox 349 3308 395 3382; x_wconf 89' lang='lat' dir='ltr'><strong>de</strong></span> <span class='ocrx_word' id='word_1_264' title='bbox 413 3311 545 3408; x_wconf 78' lang='lat' dir='ltr'><strong>Pucnit.</strong></span> <span class='ocrx_word' id='word_1_265' title='bbox 564 3307 666 3383; x_wconf 30' lang='lat' dir='ltr'><strong>deso</strong></span> <span class='ocrx_word' id='word_1_266' title='bbox 682 3322 770 3381; x_wconf 82' lang='lat' dir='ltr'><strong>sect.</strong></span> <span class='ocrx_word' id='word_1_267' title='bbox 790 3333 817 3380; x_wconf 75' lang='grc' dir='ltr'><strong>-ι</strong></span> <span class='ocrx_word' id='word_1_268' title='bbox 838 3335 877 3381; x_wconf 86' lang='lat' dir='ltr'><strong>u.</strong></span> <span class='ocrx_word' id='word_1_269' title='bbox 894 3307 929 3380; x_wconf 82' lang='lat'><strong>3.</strong></span> <span class='ocrx_word' id='word_1_270' title='bbox 949 3307 1056 3380; x_wconf 85' lang='lat' dir='ltr'><strong>etde</strong></span> <span class='ocrx_word' id='word_1_271' title='bbox 1074 3308 1232 3381; x_wconf 84' lang='lat' dir='ltr'><strong>Censor.</strong></span> 
     </span>
     <span class='ocr_line' id='line_1_33' title="bbox 4 3403 1228 3502; baseline -0.001 -25"><span class='ocrx_word' id='word_1_272' title='bbox 4 3439 6 3502; x_wconf 53' lang='lat'>3</span> <span class='ocrx_word' id='word_1_273' title='bbox 148 3405 188 3477; x_wconf 84' lang='lat' dir='ltr'><strong>d.</strong></span> <span class='ocrx_word' id='word_1_274' title='bbox 209 3410 248 3499; x_wconf 77' lang='lat' dir='ltr'><strong>‘l&#39;</strong></span> <span class='ocrx_word' id='word_1_275' title='bbox 272 3413 366 3483; x_wconf 40' lang='lat' dir='ltr'><strong>secto</strong></span> <span class='ocrx_word' id='word_1_276' title='bbox 381 3434 402 3478; x_wconf 81' lang='grc' dir='ltr'><strong>ιι</strong></span> <span class='ocrx_word' id='word_1_277' title='bbox 419 3434 454 3480; x_wconf 91' lang='lat' dir='ltr'><strong>n.</strong></span> <span class='ocrx_word' id='word_1_278' title='bbox 477 3434 532 3480; x_wconf 78' lang='lat' dir='ltr'><strong>rs.</strong></span> <span class='ocrx_word' id='word_1_279' title='bbox 551 3407 686 3480; x_wconf 85' lang='lat' dir='ltr'><strong>Suuclr.</strong></span> <span class='ocrx_word' id='word_1_280' title='bbox 705 3408 795 3480; x_wconf 81' lang='lat' dir='ltr'><strong>Dec.</strong></span> <span class='ocrx_word' id='word_1_281' title='bbox 810 3405 835 3479; x_wconf 88' lang='grc' dir='ltr'><strong>Ι.</strong></span> <span class='ocrx_word' id='word_1_282' title='bbox 855 3432 875 3479; x_wconf 83' lang='lat'>2</span> <span class='ocrx_word' id='word_1_283' title='bbox 893 3433 928 3478; x_wconf 87' lang='lat' dir='ltr'><strong>c.</strong></span> <span class='ocrx_word' id='word_1_284' title='bbox 952 3432 989 3478; x_wconf 91' lang='grc' dir='ltr'><strong>ιι</strong></span> <span class='ocrx_word' id='word_1_285' title='bbox 1012 3431 1049 3477; x_wconf 87' lang='grc' dir='ltr'><strong>ιι.</strong></span> <span class='ocrx_word' id='word_1_286' title='bbox 1067 3406 1105 3477; x_wconf 86' lang='grc'><strong>8.</strong></span> <span class='ocrx_word' id='word_1_287' title='bbox 1121 3403 1169 3476; x_wconf 83' lang='lat' dir='ltr'><strong>ad</strong></span> <span class='ocrx_word' id='word_1_288' title='bbox 1189 3426 1228 3501; x_wconf 81' lang='lat'><strong>17</strong></span> 
     </span>
    </p>
   </div>
   <div class='ocr_carea' id='block_1_7' title="bbox 148 3503 1232 3695">
    <p class='ocr_par' dir='ltr' id='par_1_8' title="bbox 148 3503 1232 3695">
     <span class='ocr_line' id='line_1_34' title="bbox 150 3503 1229 3602; baseline -0.005 -25"><span class='ocrx_word' id='word_1_289' title='bbox 150 3518 191 3577; x_wconf 86' lang='lat' dir='ltr'><strong>et</strong></span> <span class='ocrx_word' id='word_1_290' title='bbox 207 3508 312 3579; x_wconf 78' lang='lat' dir='ltr'><strong>Matr.</strong></span> <span class='ocrx_word' id='word_1_291' title='bbox 333 3508 359 3581; x_wconf 85' lang='lat' dir='ltr'><strong>l.</strong></span> <span class='ocrx_word' id='word_1_292' title='bbox 378 3506 451 3578; x_wconf 70' lang='lat' dir='ltr'><strong>id.</strong></span> <span class='ocrx_word' id='word_1_293' title='bbox 473 3506 516 3581; x_wconf 82' lang='lat'><strong>23</strong></span> <span class='ocrx_word' id='word_1_294' title='bbox 538 3534 575 3578; x_wconf 90' lang='grc' dir='ltr'><strong>ιι.</strong></span> <span class='ocrx_word' id='word_1_295' title='bbox 597 3533 648 3577; x_wconf 79' lang='lat' dir='ltr'><strong>ro.</strong></span> <span class='ocrx_word' id='word_1_296' title='bbox 663 3504 818 3579; x_wconf 81' lang='lat' dir='ltr'><strong>Bon.&#39;de</strong></span> <span class='ocrx_word' id='word_1_297' title='bbox 832 3505 941 3577; x_wconf 86' lang='lat' dir='ltr'><strong>Ceus.</strong></span> <span class='ocrx_word' id='word_1_298' title='bbox 960 3503 1001 3576; x_wconf 86' lang='lat' dir='ltr'><strong>d.</strong></span> <span class='ocrx_word' id='word_1_299' title='bbox 1022 3531 1032 3576; x_wconf 90' lang='grc' dir='ltr'><strong>ι</strong></span> <span class='ocrx_word' id='word_1_300' title='bbox 1057 3528 1094 3602; x_wconf 90' lang='lat' dir='ltr'><strong>q.</strong></span> <span class='ocrx_word' id='word_1_301' title='bbox 1110 3504 1131 3576; x_wconf 85' lang='lat'>3</span> <span class='ocrx_word' id='word_1_302' title='bbox 1147 3529 1186 3601; x_wconf 87' lang='lat' dir='ltr'><strong>p.</strong></span> <span class='ocrx_word' id='word_1_303' title='bbox 1207 3524 1229 3571; x_wconf 81' lang='lat'><em>2</em></span> 
     </span>
     <span class='ocr_line' id='line_1_35' title="bbox 148 3602 1232 3695; baseline -0.005 -19"><span class='ocrx_word' id='word_1_304' title='bbox 148 3627 191 3676; x_wconf 86' lang='lat' dir='ltr'><strong>n.</strong></span> <span class='ocrx_word' id='word_1_305' title='bbox 213 3604 247 3676; x_wconf 87' lang='lat'><strong>5.</strong></span> <span class='ocrx_word' id='word_1_306' title='bbox 267 3619 304 3675; x_wconf 82' lang='lat' dir='ltr'><strong>et</strong></span> <span class='ocrx_word' id='word_1_307' title='bbox 318 3603 477 3676; x_wconf 80' lang='lat' dir='ltr'><strong>Barboss</strong></span> <span class='ocrx_word' id='word_1_308' title='bbox 495 3606 540 3689; x_wconf 78' lang='lat' dir='ltr'><strong>¹iu</strong></span> <span class='ocrx_word' id='word_1_309' title='bbox 564 3602 667 3677; x_wconf 86' lang='lat' dir='ltr'><strong>Trid.</strong></span> <span class='ocrx_word' id='word_1_310' title='bbox 683 3603 709 3675; x_wconf 89' lang='lat' dir='ltr'><strong>l.</strong></span> <span class='ocrx_word' id='word_1_311' title='bbox 723 3630 756 3677; x_wconf 84' lang='lat' dir='ltr'><strong>c.</strong></span> <span class='ocrx_word' id='word_1_312' title='bbox 775 3631 813 3676; x_wconf 88' lang='lat' dir='ltr'><strong>n.</strong></span> <span class='ocrx_word' id='word_1_313' title='bbox 828 3604 887 3695; x_wconf 69' lang='grc'><strong>43.</strong></span> <span class='ocrx_word' id='word_1_314' title='bbox 908 3628 994 3683; x_wconf 83' lang='lat' dir='ltr'><strong>oum</strong></span> <span class='ocrx_word' id='word_1_315' title='bbox 1013 3602 1129 3675; x_wconf 88' lang='lat' dir='ltr'><strong>Heur.</strong></span> <span class='ocrx_word' id='word_1_316' title='bbox 1148 3602 1232 3676; x_wconf 86' lang='lat' dir='ltr'><strong>Zer.</strong></span> 
     </span>
    </p>
   </div>
   <div class='ocr_carea' id='block_1_8' title="bbox 4 3693 1230 3790">
    <p class='ocr_par' dir='ltr' id='par_1_9' title="bbox 4 3693 1230 3790">
     <span class='ocr_line' id='line_1_36' title="bbox 4 3693 1230 3790; baseline -0.009 -12"><span class='ocrx_word' id='word_1_317' title='bbox 4 3767 6 3778; x_wconf 76' lang='grc'><strong><em>,</em></strong></span> <span class='ocrx_word' id='word_1_318' title='bbox 148 3701 309 3786; x_wconf 83' lang='lat' dir='ltr'><strong>Gurciu,</strong></span> <span class='ocrx_word' id='word_1_319' title='bbox 329 3701 477 3790; x_wconf 81' lang='lat' dir='ltr'><strong>Naldo‚·</strong></span> <span class='ocrx_word' id='word_1_320' title='bbox 489 3702 638 3777; x_wconf 80' lang='lat' dir='ltr'><strong>Dunrdo</strong></span> <span class='ocrx_word' id='word_1_321' title='bbox 652 3693 809 3790; x_wconf 48' lang='lat' dir='ltr'><strong>(Novar.</strong></span> <span class='ocrx_word' id='word_1_322' title='bbox 830 3703 931 3775; x_wconf 86' lang='lat' dir='ltr'><strong>Boss.</strong></span> <span class='ocrx_word' id='word_1_323' title='bbox 949 3703 1088 3788; x_wconf 78' lang='lat' dir='ltr'><strong>Marc,</strong></span> <span class='ocrx_word' id='word_1_324' title='bbox 1107 3695 1230 3770; x_wconf 90' lang='lat' dir='ltr'><strong>Trull.</strong></span> 
     </span>
    </p>
   </div>
   <div class='ocr_carea' id='block_1_9' title="bbox 4 3793 1234 3900">
    <p class='ocr_par' dir='ltr' id='par_1_10' title="bbox 4 3793 1234 3900">
     <span class='ocr_line' id='line_1_37' title="bbox 4 3793 1234 3900; baseline -0.009 -23"><span class='ocrx_word' id='word_1_325' title='bbox 4 3835 6 3886; x_wconf 69' lang='grc' dir='ltr'><strong>ι</strong></span> <span class='ocrx_word' id='word_1_326' title='bbox 147 3798 313 3874; x_wconf 85' lang='lat' dir='ltr'><strong>Homob.</strong></span> <span class='ocrx_word' id='word_1_327' title='bbox 331 3815 399 3873; x_wconf 86' lang='lat' dir='ltr'><strong>etc.</strong></span> <span class='ocrx_word' id='word_1_328' title='bbox 419 3801 494 3873; x_wconf 75' lang='lat' dir='ltr'><strong>Nec</strong></span> <span class='ocrx_word' id='word_1_329' title='bbox 514 3803 645 3888; x_wconf 80' lang='lat' dir='ltr'><strong>obstat,</strong></span> <span class='ocrx_word' id='word_1_330' title='bbox 663 3801 764 3900; x_wconf 86' lang='lat' dir='ltr'><strong>quud</strong></span> <span class='ocrx_word' id='word_1_331' title='bbox 780 3799 991 3874; x_wconf 77' lang='lat' dir='ltr'><strong>Concilium</strong></span> <span class='ocrx_word' id='word_1_332' title='bbox 1010 3796 1105 3867; x_wconf 82' lang='lat' dir='ltr'><strong>hanc</strong></span> <span class='ocrx_word' id='word_1_333' title='bbox 1122 3793 1234 3867; x_wconf 81' lang='lat' dir='ltr'><strong>iacul-</strong></span> 
     </span>
    </p>
   </div>
   <div class='ocr_carea' id='block_1_10' title="bbox 144 3892 1234 4199">
    <p class='ocr_par' dir='ltr' id='par_1_11' title="bbox 144 3892 1234 4199">
     <span class='ocr_line' id='line_1_38' title="bbox 147 3892 1233 4000; baseline -0.005 -29"><span class='ocrx_word' id='word_1_334' title='bbox 147 3912 265 3971; x_wconf 85' lang='lat' dir='ltr'><strong>tutem</strong></span> <span class='ocrx_word' id='word_1_335' title='bbox 282 3899 314 3970; x_wconf 84' lang='lat' dir='ltr'><strong>E</strong></span> <span class='ocrx_word' id='word_1_336' title='bbox 344 3900 477 4000; x_wconf 88' lang='lat' dir='ltr'><strong>iscopis</strong></span> <span class='ocrx_word' id='word_1_337' title='bbox 494 3896 875 3974; x_wconf 74' lang='lat' dir='ltr'><strong>concesserittsntism</strong></span> <span class='ocrx_word' id='word_1_338' title='bbox 895 3903 977 3992; x_wconf 76' lang='lat' dir='ltr'><strong>ergt</strong></span> <span class='ocrx_word' id='word_1_339' title='bbox 995 3892 1233 3989; x_wconf 53' lang='lat' dir='ltr'><strong>deliquentes</strong></span> 
     </span>
     <span class='ocr_line' id='line_1_39' title="bbox 144 3989 1234 4094; baseline -0.003 -26"><span class='ocrx_word' id='word_1_340' title='bbox 144 3996 222 4068; x_wconf 76' lang='lat' dir='ltr'><strong>sibi</strong></span> <span class='ocrx_word' id='word_1_341' title='bbox 233 3996 296 4069; x_wconf 83' lang='lat' dir='ltr'><strong>sub</strong></span> <span class='ocrx_word' id='word_1_342' title='bbox 319 3998 412 4080; x_wconf 74' lang='lat' dir='ltr'><strong>ilos3</strong></span> <span class='ocrx_word' id='word_1_343' title='bbox 433 4024 528 4086; x_wconf 76' lang='lat' dir='ltr'><strong>uum,</strong></span> <span class='ocrx_word' id='word_1_344' title='bbox 549 3999 610 4073; x_wconf 86' lang='lat' dir='ltr'><strong>uti·</strong></span> <span class='ocrx_word' id='word_1_345' title='bbox 627 3997 731 4072; x_wconf 74' lang='lat' dir='ltr'><strong>recti</strong></span> <span class='ocrx_word' id='word_1_346' title='bbox 742 3996 873 4069; x_wconf 85' lang='lat' dir='ltr'><strong>dicunt</strong></span> <span class='ocrx_word' id='word_1_347' title='bbox 887 4000 964 4069; x_wconf 73' lang='lat' dir='ltr'><strong>As.</strong></span> <span class='ocrx_word' id='word_1_348' title='bbox 980 3991 1128 4094; x_wconf 76' lang='lat' dir='ltr'><strong>praeisti,</strong></span> <span class='ocrx_word' id='word_1_349' title='bbox 1147 3989 1234 4065; x_wconf 85' lang='lat' dir='ltr'><strong>sub-</strong></span> 
     </span>
     <span class='ocr_line' id='line_1_40' title="bbox 150 4088 1232 4199; baseline -0.006 -29"><span class='ocrx_word' id='word_1_350' title='bbox 150 4093 222 4188; x_wconf 75' lang='lat' dir='ltr'><strong>eliti</strong></span> <span class='ocrx_word' id='word_1_351' title='bbox 234 4097 343 4173; x_wconf 76' lang='lat' dir='ltr'><strong>eorm</strong></span> <span class='ocrx_word' id='word_1_352' title='bbox 362 4095 641 4175; x_wconf 80' lang='lat' dir='ltr'><strong>dicontur&#39;tuies</strong></span> <span class='ocrx_word' id='word_1_353' title='bbox 660 4097 866 4199; x_wconf 79' lang='lat' dir='ltr'><strong>peregrini,</strong></span> <span class='ocrx_word' id='word_1_354' title='bbox 882 4093 946 4193; x_wconf 80' lang='lat' dir='ltr'><strong>qui</strong></span> <span class='ocrx_word' id='word_1_355' title='bbox 964 4091 1003 4164; x_wconf 89' lang='lat' dir='ltr'><strong>in</strong></span> <span class='ocrx_word' id='word_1_356' title='bbox 1019 4088 1098 4167; x_wconf 83' lang='lat' dir='ltr'><strong>furo</strong></span> <span class='ocrx_word' id='word_1_357' title='bbox 1114 4113 1232 4167; x_wconf 83' lang='lat' dir='ltr'><strong>sacru·</strong></span> 
     </span>
    </p>
   </div>
   <div class='ocr_carea' id='block_1_11' title="bbox 0 0 1483 4709">
    <p class='ocr_par' dir='ltr' id='par_1_12' title="bbox 0 0 1483 4709">
     <span class='ocr_line' id='line_1_41' title="bbox 0 0 1483 4709; baseline 0 0"><span class='ocrx_word' id='word_1_358' title='bbox 0 0 1483 4709; x_wconf 95' lang='lat' dir='ltr'><strong> </strong></span> 
     </span>
    </p>
   </div>
  </div>
 </body>
</html>
