2917 4709
181 216 260 307 Cap.
269 216 325 283 Ill.
338 217 513 310 itppe'ndix
523 217 564 284 dc
578 212 786 287 Conlessariis
800 212 1055 286 sollicitantibus.
1102 216 1166 309 207'

145 326 278 403 sivero
293 342 447 428 persone
464 328 681 402 confessarii
696 330 743 403 sit
758 345 878 421 certa,
903 343 939 403 et
953 329 1143 406 dubitatur
1158 389 1168 415 ,
1191 342 1193 347 ’

95 448 146 501 *en
157 430 234 521 ejus
244 427 380 500 Iactum
399 427 455 500 rel
470 427 610 502 dictum
625 428 734 503 luerit
748 455 828 501 vera
844 427 1063 521 sollicitatio,
1077 446 1168 503 tuns

103 549 183 595 eum
199 526 442 599 communiori
463 541 500 599 et
514 526 648 600 veriori
664 530 843 600 sententia
860 527 1071 618 dicendum,
1093 555 1169 602 non

101 645 174 692 esse
193 621 452 724 obligationem
469 624 732 699 denunciandi.
750 626 806 697 Ite
825 626 958 700 Bonae.
976 654 1013 727 p.
1034 629 1055 701 3
1074 654 1110 700 n.
1131 628 1173 700 5.-

101 719 207 794 Rone.
228 751 265 820 p.
286 724 352 796 113
367 749 429 824 qu.
444 723 478 798 5.
492 723 606 796 Cone.
626 751 664 798 n.
686 723 742 798 15.
757 724 905 799 Bordon
919 724 1019 824 apud
1030 728 1167 798 Potest.

99 843 135 888 n.
154 818 236 916 576.
251 826 403 895 Auctor.
421 824 436 919 (
459 824 611 895 Instruz.
629 822 728 918 etc.)
748 848 786 918 p.
811 847 832 894 2
852 849 886 896 c.
910 827 952 918 tl
974 849 1080 896 num.
1098 829 1167 918 287

8 948 10 1009 ς
100 940 180 987 cum
195 919 295 995 Boos.
318 936 354 993 et
369 921 480 995 Salm.
499 949 537 993 n.
555 924 604 1020 94
621 947 709 994 cum
727 918 872 995 Valent.
891 923 998 995 Hurt.
1019 937 1055 994 et
1067 922 1169 994 Salas

8 1070 9 1073 ,
99 1012 113 1108 (
128 1032 252 1091 contra
270 1021 404 1109 Sousa,
426 1035 463 1091 et
481 1017 707 1119 Peyr..appd
723 1020 830 1093 Dian.
857 1022 899 1092 R.
924 1020 982 1093 25;
1001 1019 1015 1114 )
1032 1022 1137 1092 Rati⁰
1157 1074 1168 1107 s

8 1126 9 1135 ’
99 1123 174 1186 tum
195 1120 280 1214 quia
294 1117 406 1191 dubia
419 1118 457 1190 iu
476 1119 665 1192 meliorem
682 1134 826 1218 partem
839 1119 1051 1217 accipienda
1063 1131 1169 1208 sunt,

8 1602 10 1649 t

8 1696 13 1955 l

97 1224 131 1283 et
145 1214 182 1284 iu
194 1214 316 1289 uerbis
331 1215 510 1314 ambiguis
528 1217 615 1289 beni
638 1219 723 1289 nior
738 1218 987 1313 interpretatio
1005 1214 1171 1290 facienda

98 1326 170 1397 est,
187 1328 228 1385 ut
240 1314 376 1389 dicuat
387 1317 521 1389 Bonae.
540 1330 578 1388 et
631 1316 763 1389 enoch.
777 1329 814 1387 et
824 1314 970 1388 Rinald.
984 1341 1041 1415 ap.
1056 1318 1171 1388 Ronc.

97 1430 138 1480 ex
159 1436 191 1483 c.
212 1413 280 1484 fin.
298 1412 345 1485 de
366 1414 556 1486 Transact.
577 1427 613 1486 et
629 1416 715 1511 lieg.
738 1415 836 1486 luris
853 1428 902 1511 49
919 1415 956 1486 in
972 1416 996 1489 6
1014 1412 1079 1486 ubi
1097 1441 1107 1483 ε
1125 1415 1186 1485 In*

90 1508 201 1602 poentb
225 1510 410 1609 benignior
428 1528 483 1583 cst
504 1511 737 1604 ristorprstatt'o
761 1510 939 1595 stacienda.
966 1514 1063 1585 Turn
1082 1514 1171 1680 poia

98 1604 134 1678 in
159 1605 276 1682 dubio
298 1606 833 1709 nemo-estprivanduslamd,
853 1636 963 1708 quam
984 1609 1081 1708 possi
1108 1626 1169 1682 et:

98 1717 175 1781 tum
193 1707 280 1805 quia
301 1708 419 1781 bullae
436 1709 658 1806 praecipiunt
672 1706 886 1781 denunciari
905 1708 1143 1783 sollicitantes
1163 1766 1172 1794 ,

97 1804 160 1875 sed
178 1806 311 1903 nequit
324 1805 397 1881 dici
409 1805 609 1880 sollicitans
624 1862 632 1891 ‚
650 1805 696 1878 de
710 1805 1011 1905 quodubitat'ur,
1027 1833 1075 1878 an
1091 1807 1174 1882 rere

95 1901 369 1995 sollicitaveritt
389 1929 477 1979 narn
493 1908 632 1979 crimen
651 1904 808 1977 dubium
827 1929 904 1977 non
927 1920 982 1977 est
1001 1907 1141 1979 crimen
1164 1963 1174 1990 ,

96 2014 139 2073 ut
154 2002 293 2077 docent
307 2002 438 2077 Sanelr.
455 2005 548 2077 Dec.⁴
566 2003 592 2076 I.
614 2030 627 2076 r
648 2030 683 2077 c.
704 2028 747 2076 so
762 2031 801 2075 n.
826 2005 873 2102 74
892 2016 928 2075 et
942 2004 1072 2076 Suarea
1096 2006 1185 2078 5113,

126 2154 134 2175 .
153 2115 176 2173 t.
195 2103 216 2175 5
238 2101 280 2175 d.
295 2105 341 2193 4ο
357 2116 446 2175 sect.
461 2104 491 2176 6
505 2128 543 2174 n.
560 2102 593 2175 5.
611 2100 688 2173 Nec
706 2100 827 2174 obstat
847 2102 990 2188 dicere,
1012 2099 1113 2200 quod
1131 2127 1186 2175 ex:

96 2123 252 2272 boareto
267 2200 464 2277 Alexandr.
481 2199 578 2274 VIII.
604 2200 676 2273 sint
688 2199 942 2273 denunciandi
953 2203 1062 2273 elilim
1082 2198 1176 2272 leri-

96 2308 152 2371 ter
166 2300 331 2398 suspecti
338 2298 388 2375 de
403 2298 530 2373 haeresi
542 2298 712 2388 enam-to
726 2299 863 2383 leviter,
882 2325 959 2371 non
978 2303 1053 2396 jam
1065 2297 1177 2372 refer·

96 2406 158 2468 tur
176 2397 221 2469 ad
239 2399 510 2497 suspicionem,
536 2396 602 2471 aed
622 2397 670 2469 ad
688 2397 855 2471 haeresim
875 2452 884 2481 ‚
904 2398 950 2470 de
970 2424 1042 2496 qua
1059 2410 1187 2495 potest.

98 2498 180 2591 quis
192 2496 250 2568 vel
268 2495 393 2589 leuiter
408 2496 463 2571 rel
480 2496 716 2569 vehementer
732 2519 810 2569 esse
826 2509 1029 2594 suspectus.

148 2588 422 2687 Excipicndum
441 2610 564 2667 nmen
589 2609 677 2666 ests
704 2621 788 2671 cum
813 2595 926 2667 Ronc.
951 2609 988 2666 et
1001 2597 1114 2668 Bone.
1132 2594 1175 2665 tt.

8 2682 9 2685 ¹
99 2714 158 2760 cc.
182 2716 224 2761 ex
242 2690 390 2786 Pegnu,
407 2698 459 2767 Ac
476 2707 624 2766 auctore
642 2693 891 2765 instructionis
907 2707 978 2765 etc.
996 2692 1022 2764 l.
1042 2708 1079 2765 c:
1093 2717 1181 2766 cum

98 2787 254 2874 Bossia,
273 2788 312 2863 si:
327 2789 504 2875 accedant
528 2789 664 2863 indicia
687 2790 914 2863 vehementia
935 2790 983 2862 de
1000 2790 1193 2864 sollicita-T
1213 2784 1233 2835 -t

99 2886 203 2959 tione
219 2884 446 2987 ,namt-licet
460 2888 528 2961 ista
548 2914 623 2961 uon
637 2887 713 2960 sint
729 2886 885 2962 omninb
901 2889 1079 2962 evidentia
1098 2945 1108 2978 ,
1127 2905 1189 2962 ta·.

98 3010 188 3059 men
204 3042 213 3073 ,
232 2984 476 3091 eum-tantiam
493 2986 616 3058 adsint
626 3012 671 3059 ex
687 3013 759 3059 uua
778 3002 903 3083 parte,
922 2988 1007 3059 satis
1025 2986 1184 3060 fundant

99 3085 284 3161 moralem
292 3085 553 3163 ‚testitudinem
568 3085 614 3159 de
629 3084 895 3159 sollicitatione.
911 3085 1183 3183 Excipiendum

102 3208 123 3253 a
142 3207 228 3255 cum
244 3184 334 3260 Bou.
351 3182 429 3267 loc,
444 3184 516 3258 cit.
542 3188 606 3284 qui
622 3187 716 3256 citat
735 3186 912 3264 Acunna,
930 3199 966 3254 et
981 3184 1183 3259 Sanctarel.

99 3280 131 3350 si
153 3279 264 3355 verbu
282 3279 327 3355 de
346 3292 393 3359 be
410 3282 644 3379 praecelerare
665 3279 989 3368 sollicitationem,
1008 3298 1045 3367 et
1060 3282 1184 3356 solium

96 3376 303 3463 dubitatur.
320 3380 633 3457 ancontessarius
649 3377 697 3452 ad
711 3378 850 3451 malum
871 3382 1042 3453 tinemea
1056 3397 1189 3479 protu·.
1256 3416 1259 3422 ·

101 3474 187 3549 lerit
202 3503 212 3565 ;
229 3472 319 3550 tunc
331 3478 429 3551 enim
447 3480 683 3577 praesumptio
699 3477 907 3551 desumitur
926 3505 968 3551 ex
983 3484 1185 3554 communi·

8 3622 9 3627 κ
103 3588 157 3648 t‘er
182 3574 456 3664 accidentibus13
485 3577 834 3675 praeterquamquod
860 3582 1099 3677 presumptio
1122 3582 1184 3675 ip·
1239 3636 1246 3682 ι.

99 3676 179 3749 eius
196 3676 280 3752 finis
289 3676 337 3747 sit
347 3674 560 3772 accipiendo
577 3680 676 3774 justa
694 3677 955 3774 proprietatem
969 3676 1184 3750 verborum:

104 3772 255 3846 tandein
275 3799 356 3871 cap.
374 3772 625 3845 Perniciosum
642 3799 751 3846 causa
771 3779 813 3848 18
826 3800 897 3873 (μ
917 3774 1063 3865 dicitius,
1084 3775 1187 3874 quod

101 3870 359 3948 corrlabuIatid
379 3897 467 3945 eum
487 3870 644 3971 fttemiaa·
662 3874 700 3944 in
720 3873 939 3946 deteriorem
959 3886 1100 3973 partem
1125 3900 1188 3948 ac·

105 3973 180 4069 cipi
196 3971 324 4046 soleat,
349 4020 354 4027 ·
738 4022 740 4025 ψ

154 4071 287 4162 Quaen:
308 4068 354 4145 Il.
376 4067 439 4145 An
464 4068 512 4142 sit
535 4065 819 4144 denunomdus
833 4069 1105 4162 Consesaarius,
1123 4072 1247 4179 quim,
