<?xml version="1.0" encoding="UTF-8"?>
<!DOCTYPE html PUBLIC "-//W3C//DTD XHTML 1.0 Transitional//EN"
    "http://www.w3.org/TR/xhtml1/DTD/xhtml1-transitional.dtd">
<html xmlns="http://www.w3.org/1999/xhtml" xml:lang="en" lang="en">
 <head>
  <title>
</title>
<meta http-equiv="Content-Type" content="text/html;charset=utf-8" />
  <meta name='ocr-system' content='tesseract 3.04.00' />
  <meta name='ocr-capabilities' content='ocr_page ocr_carea ocr_par ocr_line ocrx_word'/>
</head>
<body>
  <div class='ocr_page' id='page_1' title='image "./theologiamorali05ligugoog_0106.png"; bbox 0 0 2917 4709; ppageno 0'>
   <div class='ocr_carea' id='block_1_1' title="bbox 205 236 1179 353">
    <p class='ocr_par' dir='ltr' id='par_1_1' title="bbox 205 236 1179 353">
     <span class='ocr_line' id='line_1_1' title="bbox 205 236 1179 353; baseline 0 -22"><span class='ocrx_word' id='word_1_1' title='bbox 205 236 247 353; x_wconf 67' lang='lat' dir='ltr'>pl</span> <span class='ocrx_word' id='word_1_2' title='bbox 312 266 383 333; x_wconf 84' lang='lat' dir='ltr'>Lib.</span> <span class='ocrx_word' id='word_1_3' title='bbox 397 265 457 333; x_wconf 84' lang='lat' dir='ltr'>Vl.</span> <span class='ocrx_word' id='word_1_4' title='bbox 476 264 584 331; x_wconf 87' lang='lat' dir='ltr'>Traet.</span> <span class='ocrx_word' id='word_1_5' title='bbox 603 264 662 333; x_wconf 81' lang='lat' dir='ltr'>tv.</span> <span class='ocrx_word' id='word_1_6' title='bbox 681 256 732 332; x_wconf 84' lang='lat' dir='ltr'>De</span> <span class='ocrx_word' id='word_1_7' title='bbox 749 265 953 334; x_wconf 78' lang='lat' dir='ltr'>sacramento</span> <span class='ocrx_word' id='word_1_8' title='bbox 971 266 1179 334; x_wconf 80' lang='lat' dir='ltr'>Poeuiteutiae.</span> 
     </span>
    </p>
   </div>
   <div class='ocr_carea' id='block_1_2' title="bbox 78 375 1363 4119">
    <p class='ocr_par' dir='ltr' id='par_1_2' title="bbox 204 375 1292 672">
     <span class='ocr_line' id='line_1_2' title="bbox 204 375 1288 478; baseline 0.004 -31"><span class='ocrx_word' id='word_1_9' title='bbox 204 375 308 449; x_wconf 88' lang='lat' dir='ltr'>beret</span> <span class='ocrx_word' id='word_1_10' title='bbox 331 375 420 463; x_wconf 86' lang='lat' dir='ltr'>ille,</span> <span class='ocrx_word' id='word_1_11' title='bbox 443 376 507 476; x_wconf 93' lang='lat' dir='ltr'>qui</span> <span class='ocrx_word' id='word_1_12' title='bbox 529 379 608 474; x_wconf 78' lang='lat' dir='ltr'>ejus</span> <span class='ocrx_word' id='word_1_13' title='bbox 628 376 905 450; x_wconf 81' lang='lat' dir='ltr'>Confessionem</span> <span class='ocrx_word' id='word_1_14' title='bbox 921 378 1078 477; x_wconf 82' lang='lat' dir='ltr'>excipit,</span> <span class='ocrx_word' id='word_1_15' title='bbox 1103 376 1288 478; x_wconf 75' lang='lat' dir='ltr'>inquirere</span> 
     </span>
     <span class='ocr_line' id='line_1_3' title="bbox 206 472 1292 575; baseline 0.002 -29"><span class='ocrx_word' id='word_1_16' title='bbox 206 474 253 547; x_wconf 88' lang='lat' dir='ltr'>de</span> <span class='ocrx_word' id='word_1_17' title='bbox 270 472 440 546; x_wconf 91' lang='lat' dir='ltr'>omnibus</span> <span class='ocrx_word' id='word_1_18' title='bbox 456 472 707 573; x_wconf 82' lang='lat' dir='ltr'>opinionibus,</span> <span class='ocrx_word' id='word_1_19' title='bbox 724 501 815 574; x_wconf 87' lang='lat' dir='ltr'>quas</span> <span class='ocrx_word' id='word_1_20' title='bbox 831 479 1012 574; x_wconf 89' lang='lat' dir='ltr'>poenitens</span> <span class='ocrx_word' id='word_1_21' title='bbox 1029 490 1145 565; x_wconf 88' lang='lat' dir='ltr'>tenet,</span> <span class='ocrx_word' id='word_1_22' title='bbox 1157 489 1194 549; x_wconf 89' lang='lat' dir='ltr'>et</span> <span class='ocrx_word' id='word_1_23' title='bbox 1207 478 1292 575; x_wconf 78' lang='lat' dir='ltr'>qui·</span> 
     </span>
     <span class='ocr_line' id='line_1_4' title="bbox 205 572 1291 672; baseline 0.003 -28"><span class='ocrx_word' id='word_1_24' title='bbox 205 572 276 645; x_wconf 91' lang='lat' dir='ltr'>bus</span> <span class='ocrx_word' id='word_1_25' title='bbox 303 573 425 670; x_wconf 83' lang='lat' dir='ltr'>dirigit</span> <span class='ocrx_word' id='word_1_26' title='bbox 448 599 533 645; x_wconf 91' lang='lat' dir='ltr'>suos</span> <span class='ocrx_word' id='word_1_27' title='bbox 551 574 795 672; x_wconf 86' lang='lat' dir='ltr'>poenitentes,</span> <span class='ocrx_word' id='word_1_28' title='bbox 821 573 867 645; x_wconf 86' lang='lat' dir='ltr'>ad</span> <span class='ocrx_word' id='word_1_29' title='bbox 891 572 984 663; x_wconf 90' lang='lat' dir='ltr'>boc,</span> <span class='ocrx_word' id='word_1_30' title='bbox 1003 591 1063 659; x_wconf 85' lang='lat' dir='ltr'>ut,</span> <span class='ocrx_word' id='word_1_31' title='bbox 1082 574 1112 646; x_wconf 86' lang='lat' dir='ltr'>si</span> <span class='ocrx_word' id='word_1_32' title='bbox 1129 574 1291 647; x_wconf 89' lang='lat' dir='ltr'>inveniat</span> 
     </span>
    </p>

    <p class='ocr_par' dir='ltr' id='par_1_3' title="bbox 78 670 1296 2637">
     <span class='ocr_line' id='line_1_5' title="bbox 205 670 1289 771; baseline -0.001 -26"><span class='ocrx_word' id='word_1_33' title='bbox 205 697 290 746; x_wconf 88' lang='lat' dir='ltr'>eum</span> <span class='ocrx_word' id='word_1_34' title='bbox 322 670 456 744; x_wconf 88' lang='lat' dir='ltr'>habere</span> <span class='ocrx_word' id='word_1_35' title='bbox 485 670 645 769; x_wconf 78' lang='lat' dir='ltr'>aliquam</span> <span class='ocrx_word' id='word_1_36' title='bbox 668 672 908 771; x_wconf 83' lang='lat' dir='ltr'>opinionem,</span> <span class='ocrx_word' id='word_1_37' title='bbox 967 698 1021 746; x_wconf 87' lang='lat' dir='ltr'>uae</span> <span class='ocrx_word' id='word_1_38' title='bbox 1047 672 1196 745; x_wconf 82' lang='lat' dir='ltr'>videtur</span> <span class='ocrx_word' id='word_1_39' title='bbox 1219 672 1289 745; x_wconf 86' lang='lat' dir='ltr'>sibi</span> 
     </span>
     <span class='ocr_line' id='line_1_6' title="bbox 78 700 1290 884; baseline 0.002 -43"><span class='ocrx_word' id='word_1_40' title='bbox 78 760 81 769; x_wconf 69' lang='grc'><strong>’</strong></span> <span class='ocrx_word' id='word_1_41' title='bbox 205 768 328 842; x_wconf 74' lang='lat' dir='ltr'>minius</span> <span class='ocrx_word' id='word_1_42' title='bbox 346 767 549 869; x_wconf 89' lang='lat' dir='ltr'>probabilis</span> <span class='ocrx_word' id='word_1_43' title='bbox 570 825 578 853; x_wconf 89' lang='lat'>,</span> <span class='ocrx_word' id='word_1_44' title='bbox 599 768 738 867; x_wconf 82' lang='lat' dir='ltr'>obliget</span> <span class='ocrx_word' id='word_1_45' title='bbox 754 770 802 842; x_wconf 86' lang='lat' dir='ltr'>ad</span> <span class='ocrx_word' id='word_1_46' title='bbox 818 769 921 843; x_wconf 87' lang='lat' dir='ltr'>illam</span> <span class='ocrx_word' id='word_1_47' title='bbox 940 700 1229 884; x_wconf 67' lang='lat' dir='ltr'>deponendam</span> <span class='ocrx_word' id='word_1_48' title='bbox 1252 783 1290 844; x_wconf 87' lang='lat' dir='ltr'>et</span> 
     </span>
     <span class='ocr_line' id='line_1_7' title="bbox 204 865 1289 973; baseline 0.002 -33"><span class='ocrx_word' id='word_1_49' title='bbox 204 867 786 941; x_wconf 77' lang='lat' dir='ltr'>meritbvidereturConfessarius</span> <span class='ocrx_word' id='word_1_50' title='bbox 799 865 1289 973; x_wconf 67' lang='lat' dir='ltr'>tenerisicrnquireretquia</span> 
     </span>
     <span class='ocr_line' id='line_1_8' title="bbox 205 964 1293 1068; baseline 0 -29"><span class='ocrx_word' id='word_1_51' title='bbox 205 992 281 1039; x_wconf 91' lang='lat' dir='ltr'>non</span> <span class='ocrx_word' id='word_1_52' title='bbox 293 964 721 1067; x_wconf 84' lang='lat' dir='ltr'>imprudenterdubitare</span> <span class='ocrx_word' id='word_1_53' title='bbox 729 965 857 1056; x_wconf 81' lang='lat' dir='ltr'>debet,</span> <span class='ocrx_word' id='word_1_54' title='bbox 869 966 958 1068; x_wconf 87' lang='lat' dir='ltr'>quin</span> <span class='ocrx_word' id='word_1_55' title='bbox 970 966 1033 1040; x_wconf 88' lang='lat' dir='ltr'>ille</span> <span class='ocrx_word' id='word_1_56' title='bbox 1045 968 1142 1040; x_wconf 88' lang='lat' dir='ltr'>inter</span> <span class='ocrx_word' id='word_1_57' title='bbox 1150 982 1202 1044; x_wconf 87' lang='lat' dir='ltr'>tot</span> <span class='ocrx_word' id='word_1_58' title='bbox 1210 965 1293 1041; x_wconf 79' lang='lat' dir='ltr'>mil·</span> 
     </span>
     <span class='ocr_line' id='line_1_9' title="bbox 206 1063 1289 1165; baseline 0.002 -28"><span class='ocrx_word' id='word_1_59' title='bbox 206 1063 254 1137; x_wconf 87' lang='lat' dir='ltr'>lia</span> <span class='ocrx_word' id='word_1_60' title='bbox 276 1066 520 1163; x_wconf 86' lang='lat' dir='ltr'>opinionum,</span> <span class='ocrx_word' id='word_1_61' title='bbox 538 1064 642 1137; x_wconf 72' lang='lat' dir='ltr'>sacili</span> <span class='ocrx_word' id='word_1_62' title='bbox 662 1064 788 1164; x_wconf 84' lang='lat' dir='ltr'>plures</span> <span class='ocrx_word' id='word_1_63' title='bbox 815 1093 836 1139; x_wconf 95' lang='lat' dir='ltr'>o</span> <span class='ocrx_word' id='word_1_64' title='bbox 864 1066 1005 1137; x_wconf 87' lang='lat' dir='ltr'>iniones</span> <span class='ocrx_word' id='word_1_65' title='bbox 1029 1064 1180 1154; x_wconf 84' lang='lat' dir='ltr'>lrabeat,</span> <span class='ocrx_word' id='word_1_66' title='bbox 1196 1091 1289 1165; x_wconf 81' lang='lat' dir='ltr'>quas</span> 
     </span>
     <span class='ocr_line' id='line_1_10' title="bbox 206 1093 1290 1261; baseline -0.001 -24"><span class='ocrx_word' id='word_1_67' title='bbox 206 1164 456 1237; x_wconf 75' lang='lat' dir='ltr'>confessarius</span> <span class='ocrx_word' id='word_1_68' title='bbox 471 1177 573 1261; x_wconf 87' lang='lat' dir='ltr'>putat</span> <span class='ocrx_word' id='word_1_69' title='bbox 584 1166 706 1235; x_wconf 80' lang='lat' dir='ltr'>minus</span> <span class='ocrx_word' id='word_1_70' title='bbox 720 1093 947 1260; x_wconf 74' lang='lat' dir='ltr'>probabiles,</span> <span class='ocrx_word' id='word_1_71' title='bbox 964 1179 1000 1235; x_wconf 87' lang='lat' dir='ltr'>et</span> <span class='ocrx_word' id='word_1_72' title='bbox 1018 1162 1100 1239; x_wconf 76' lang='lat' dir='ltr'>ideo</span> <span class='ocrx_word' id='word_1_73' title='bbox 1124 1163 1290 1237; x_wconf 86' lang='lat' dir='ltr'>deseren-</span> 
     </span>
     <span class='ocr_line' id='line_1_11' title="bbox 207 1259 1296 1362; baseline -0.001 -27"><span class='ocrx_word' id='word_1_74' title='bbox 207 1260 407 1335; x_wconf 78' lang='lat' dir='ltr'>dasExhis</span> <span class='ocrx_word' id='word_1_75' title='bbox 419 1259 1296 1362; x_wconf 73' lang='lat' dir='ltr'>omnibusconcluditur,qu0dGonsessariusnon,</span> 
     </span>
     <span class='ocr_line' id='line_1_12' title="bbox 205 1359 1291 1459; baseline -0.005 -25"><span class='ocrx_word' id='word_1_76' title='bbox 205 1360 253 1436; x_wconf 82' lang='lat' dir='ltr'>ait</span> <span class='ocrx_word' id='word_1_77' title='bbox 268 1359 417 1459; x_wconf 88' lang='lat' dir='ltr'>quidem</span> <span class='ocrx_word' id='word_1_78' title='bbox 428 1359 538 1458; x_wconf 82' lang='lat' dir='ltr'>judex</span> <span class='ocrx_word' id='word_1_79' title='bbox 550 1360 782 1458; x_wconf 79' lang='lat' dir='ltr'>opinionum,</span> <span class='ocrx_word' id='word_1_80' title='bbox 792 1386 873 1459; x_wconf 82' lang='lat' dir='ltr'>quae</span> <span class='ocrx_word' id='word_1_81' title='bbox 886 1375 1078 1434; x_wconf 82' lang='lat' dir='ltr'>versantur</span> <span class='ocrx_word' id='word_1_82' title='bbox 1091 1364 1187 1434; x_wconf 73' lang='lat' dir='ltr'>circi</span> <span class='ocrx_word' id='word_1_83' title='bbox 1196 1359 1291 1434; x_wconf 88' lang='lat' dir='ltr'>obli-</span> 
     </span>
     <span class='ocr_line' id='line_1_13' title="bbox 205 1456 1290 1560; baseline -0.001 -29"><span class='ocrx_word' id='word_1_84' title='bbox 205 1461 390 1559; x_wconf 84' lang='lat' dir='ltr'>gationem</span> <span class='ocrx_word' id='word_1_85' title='bbox 406 1460 676 1557; x_wconf 87' lang='lat' dir='ltr'>poenitentium,</span> <span class='ocrx_word' id='word_1_86' title='bbox 694 1456 807 1531; x_wconf 79' lang='lat' dir='ltr'>modi&gt;</span> <span class='ocrx_word' id='word_1_87' title='bbox 819 1460 896 1531; x_wconf 83' lang='lat' dir='ltr'>illae</span> <span class='ocrx_word' id='word_1_88' title='bbox 912 1484 986 1532; x_wconf 91' lang='lat' dir='ltr'>non</span> <span class='ocrx_word' id='word_1_89' title='bbox 1001 1486 1047 1560; x_wconf 90' lang='lat' dir='ltr'>ap</span> <span class='ocrx_word' id='word_1_90' title='bbox 1076 1473 1201 1532; x_wconf 82' lang='lat' dir='ltr'>areant</span> <span class='ocrx_word' id='word_1_91' title='bbox 1217 1460 1290 1559; x_wconf 91' lang='lat' dir='ltr'>ipsi</span> 
     </span>
     <span class='ocr_line' id='line_1_14' title="bbox 206 1487 1288 1655; baseline 0 -25"><span class='ocrx_word' id='word_1_92' title='bbox 206 1557 393 1630; x_wconf 80' lang='lat' dir='ltr'>evidenter</span> <span class='ocrx_word' id='word_1_93' title='bbox 418 1556 540 1642; x_wconf 84' lang='lat' dir='ltr'>salsae,</span> <span class='ocrx_word' id='word_1_94' title='bbox 564 1556 629 1628; x_wconf 87' lang='lat' dir='ltr'>sed</span> <span class='ocrx_word' id='word_1_95' title='bbox 657 1555 801 1630; x_wconf 82' lang='lat' dir='ltr'>tautirm</span> <span class='ocrx_word' id='word_1_96' title='bbox 826 1560 874 1631; x_wconf 84' lang='lat' dir='ltr'>sit</span> <span class='ocrx_word' id='word_1_97' title='bbox 897 1558 1005 1655; x_wconf 78' lang='lat' dir='ltr'>judex</span> <span class='ocrx_word' id='word_1_98' title='bbox 1037 1487 1288 1655; x_wconf 80' lang='lat' dir='ltr'>‹lispositionia</span> 
     </span>
     <span class='ocr_line' id='line_1_15' title="bbox 206 1653 1296 1756; baseline -0.002 -27"><span class='ocrx_word' id='word_1_99' title='bbox 206 1682 354 1745; x_wconf 86' lang='lat' dir='ltr'>eorum,</span> <span class='ocrx_word' id='word_1_100' title='bbox 372 1655 504 1756; x_wconf 71' lang='lat' dir='ltr'>nempe</span> <span class='ocrx_word' id='word_1_101' title='bbox 517 1655 619 1753; x_wconf 91' lang='lat' dir='ltr'>quod</span> <span class='ocrx_word' id='word_1_102' title='bbox 633 1653 782 1728; x_wconf 80' lang='lat' dir='ltr'>doleant</span> <span class='ocrx_word' id='word_1_103' title='bbox 797 1669 834 1728; x_wconf 89' lang='lat' dir='ltr'>et</span> <span class='ocrx_word' id='word_1_104' title='bbox 854 1672 1063 1755; x_wconf 84' lang='lat' dir='ltr'>proponant</span> <span class='ocrx_word' id='word_1_105' title='bbox 1075 1656 1195 1728; x_wconf 89' lang='lat' dir='ltr'>Deum</span> <span class='ocrx_word' id='word_1_106' title='bbox 1211 1682 1296 1728; x_wconf 70' lang='lat' dir='ltr'>unuv</span> 
     </span>
     <span class='ocr_line' id='line_1_16' title="bbox 207 1752 1289 1849; baseline 0.001 -22"><span class='ocrx_word' id='word_1_107' title='bbox 207 1753 415 1841; x_wconf 83' lang='lat' dir='ltr'>offendere,</span> <span class='ocrx_word' id='word_1_108' title='bbox 430 1773 465 1825; x_wconf 87' lang='lat' dir='ltr'>et</span> <span class='ocrx_word' id='word_1_109' title='bbox 489 1752 641 1826; x_wconf 89' lang='lat' dir='ltr'>credant</span> <span class='ocrx_word' id='word_1_110' title='bbox 658 1758 735 1826; x_wconf 70' lang='lat' dir='ltr'>tuti</span> <span class='ocrx_word' id='word_1_111' title='bbox 760 1755 1002 1840; x_wconf 64' lang='lat' dir='ltr'>conscientie,</span> <span class='ocrx_word' id='word_1_112' title='bbox 1018 1782 1060 1830; x_wconf 88' lang='lat' dir='ltr'>ac</span> <span class='ocrx_word' id='word_1_113' title='bbox 1080 1779 1155 1828; x_wconf 88' lang='lat' dir='ltr'>non</span> <span class='ocrx_word' id='word_1_114' title='bbox 1169 1769 1289 1849; x_wconf 85' lang='lat' dir='ltr'>teme·</span> 
     </span>
     <span class='ocr_line' id='line_1_17' title="bbox 204 1851 1288 1953; baseline 0 -26"><span class='ocrx_word' id='word_1_115' title='bbox 204 1854 264 1942; x_wconf 71' lang='lat' dir='ltr'>ri,</span> <span class='ocrx_word' id='word_1_116' title='bbox 285 1879 324 1927; x_wconf 89' lang='lat' dir='ltr'>se</span> <span class='ocrx_word' id='word_1_117' title='bbox 344 1854 507 1951; x_wconf 78' lang='lat' dir='ltr'>aliquam</span> <span class='ocrx_word' id='word_1_118' title='bbox 537 1852 750 1950; x_wconf 88' lang='lat' dir='ltr'>opinionem</span> <span class='ocrx_word' id='word_1_119' title='bbox 771 1855 887 1953; x_wconf 83' lang='lat' dir='ltr'>sequi.</span> <span class='ocrx_word' id='word_1_120' title='bbox 903 1851 1015 1928; x_wconf 79' lang='lat' dir='ltr'>Unde</span> <span class='ocrx_word' id='word_1_121' title='bbox 1030 1851 1288 1941; x_wconf 73' lang='lat' dir='ltr'>cabarerum,</span> 
     </span>
     <span class='ocr_line' id='line_1_18' title="bbox 207 1938 1287 2053; baseline 0 -29"><span class='ocrx_word' id='word_1_122' title='bbox 207 1953 372 2051; x_wconf 72' lang='lat' dir='ltr'>quirnvis</span> <span class='ocrx_word' id='word_1_123' title='bbox 388 1952 449 2024; x_wconf 88' lang='lat' dir='ltr'>bic</span> <span class='ocrx_word' id='word_1_124' title='bbox 465 1958 603 2024; x_wconf 87' lang='lat' dir='ltr'>Auctor</span> <span class='ocrx_word' id='word_1_125' title='bbox 616 1951 797 2045; x_wconf 81' lang='lat' dir='ltr'>rigidioris</span> <span class='ocrx_word' id='word_1_126' title='bbox 828 1950 1031 2053; x_wconf 67' lang='lat' dir='ltr'>discipline</span> <span class='ocrx_word' id='word_1_127' title='bbox 1058 1952 1106 2025; x_wconf 88' lang='lat' dir='ltr'>sit</span> <span class='ocrx_word' id='word_1_128' title='bbox 1138 1938 1260 2024; x_wconf 82' lang='lat' dir='ltr'>lautor</span> <span class='ocrx_word' id='word_1_129' title='bbox 1276 2008 1287 2043; x_wconf 92' lang='lat'>,</span> 
     </span>
     <span class='ocr_line' id='line_1_19' title="bbox 205 2048 1288 2149; baseline 0 -27"><span class='ocrx_word' id='word_1_130' title='bbox 205 2053 271 2148; x_wconf 90' lang='lat' dir='ltr'>(in</span> <span class='ocrx_word' id='word_1_131' title='bbox 287 2050 436 2143; x_wconf 63' lang='lat' dir='ltr'>,Theon</span> <span class='ocrx_word' id='word_1_132' title='bbox 470 2050 551 2120; x_wconf 89' lang='lat' dir='ltr'>Jur.</span> <span class='ocrx_word' id='word_1_133' title='bbox 577 2073 610 2121; x_wconf 86' lang='lat' dir='ltr'>c.</span> <span class='ocrx_word' id='word_1_134' title='bbox 640 2072 679 2120; x_wconf 86' lang='lat' dir='ltr'>n.</span> <span class='ocrx_word' id='word_1_135' title='bbox 705 2076 744 2121; x_wconf 90' lang='lat' dir='ltr'>n.</span> <span class='ocrx_word' id='word_1_136' title='bbox 777 2050 846 2142; x_wconf 70' lang='lat' dir='ltr'>nl)</span> <span class='ocrx_word' id='word_1_137' title='bbox 872 2049 1028 2149; x_wconf 87' lang='lat' dir='ltr'>loquens</span> <span class='ocrx_word' id='word_1_138' title='bbox 1057 2048 1288 2123; x_wconf 83' lang='lat' dir='ltr'>de·Confes-</span> 
     </span>
     <span class='ocr_line' id='line_1_20' title="bbox 205 2143 1288 2253; baseline 0 -32"><span class='ocrx_word' id='word_1_139' title='bbox 205 2150 321 2233; x_wconf 80' lang='lat' dir='ltr'>seriis,</span> <span class='ocrx_word' id='word_1_140' title='bbox 335 2152 396 2246; x_wconf 90' lang='lat' dir='ltr'>qui</span> <span class='ocrx_word' id='word_1_141' title='bbox 413 2143 742 2245; x_wconf 86' lang='lat' dir='ltr'>compelluntsuos</span> <span class='ocrx_word' id='word_1_142' title='bbox 755 2148 975 2246; x_wconf 85' lang='lat' dir='ltr'>poenitentes</span> <span class='ocrx_word' id='word_1_143' title='bbox 988 2145 1035 2221; x_wconf 86' lang='lat' dir='ltr'>ad</span> <span class='ocrx_word' id='word_1_144' title='bbox 1050 2146 1288 2253; x_wconf 82' lang='lat' dir='ltr'>deponendas</span> 
     </span>
     <span class='ocr_line' id='line_1_21' title="bbox 205 2242 1288 2347; baseline -0.001 -27"><span class='ocrx_word' id='word_1_145' title='bbox 205 2274 274 2347; x_wconf 89' lang='lat' dir='ltr'>pro</span> <span class='ocrx_word' id='word_1_146' title='bbox 302 2249 373 2320; x_wconf 88' lang='lat' dir='ltr'>rias</span> <span class='ocrx_word' id='word_1_147' title='bbox 391 2242 584 2346; x_wconf 78' lang='lat' dir='ltr'>opiniones</span> <span class='ocrx_word' id='word_1_148' title='bbox 600 2299 610 2333; x_wconf 89' lang='lat'>,</span> <span class='ocrx_word' id='word_1_149' title='bbox 627 2258 668 2317; x_wconf 90' lang='lat' dir='ltr'>ut</span> <span class='ocrx_word' id='word_1_150' title='bbox 684 2259 986 2346; x_wconf 76' lang='lat' dir='ltr'>suas&#39;sequautur</span> <span class='ocrx_word' id='word_1_151' title='bbox 1000 2302 1010 2332; x_wconf 85' lang='lat'>,</span> <span class='ocrx_word' id='word_1_152' title='bbox 1025 2247 1078 2320; x_wconf 89' lang='lat' dir='ltr'>sic</span> <span class='ocrx_word' id='word_1_153' title='bbox 1096 2247 1146 2318; x_wconf 88' lang='lat' dir='ltr'>ait</span> <span class='ocrx_word' id='word_1_154' title='bbox 1160 2274 1169 2316; x_wconf 76' lang='grc' dir='ltr'><strong>ε</strong></span> <span class='ocrx_word' id='word_1_155' title='bbox 1184 2246 1288 2319; x_wconf 75' lang='lat' dir='ltr'>Pm-</span> 
     </span>
     <span class='ocr_line' id='line_1_22' title="bbox 203 2274 1290 2457; baseline -0.001 -40"><span class='ocrx_word' id='word_1_156' title='bbox 203 2274 335 2419; x_wconf 72' lang='lat' dir='ltr'>sen&#39;lln</span> <span class='ocrx_word' id='word_1_157' title='bbox 345 2344 414 2416; x_wconf 85' lang='lat' dir='ltr'>sibi</span> <span class='ocrx_word' id='word_1_158' title='bbox 433 2342 575 2442; x_wconf 77' lang='lat' dir='ltr'>qut&#39;sque</span> <span class='ocrx_word' id='word_1_159' title='bbox 591 2368 827 2457; x_wconf 75' lang='lat' dir='ltr'>quoscumque</span> <span class='ocrx_word' id='word_1_160' title='bbox 841 2342 974 2415; x_wconf 79' lang='lat' dir='ltr'>libuerit</span> <span class='ocrx_word' id='word_1_161' title='bbox 986 2362 1133 2416; x_wconf 75' lang='lat' dir='ltr'>austeros</span> <span class='ocrx_word' id='word_1_162' title='bbox 1152 2345 1225 2416; x_wconf 74' lang='lat' dir='ltr'>vitre</span> <span class='ocrx_word' id='word_1_163' title='bbox 1238 2346 1290 2416; x_wconf 86' lang='lat' dir='ltr'>le·</span> 
     </span>
     <span class='ocr_line' id='line_1_23' title="bbox 200 2440 1292 2542; baseline 0.003 -30"><span class='ocrx_word' id='word_1_164' title='bbox 200 2469 288 2542; x_wconf 84' lang='lat' dir='ltr'>ges,</span> <span class='ocrx_word' id='word_1_165' title='bbox 314 2457 466 2515; x_wconf 73' lang='lat' dir='ltr'>caveant</span> <span class='ocrx_word' id='word_1_166' title='bbox 483 2457 603 2513; x_wconf 84' lang='lat' dir='ltr'>temen</span> <span class='ocrx_word' id='word_1_167' title='bbox 631 2440 746 2513; x_wconf 82' lang='lat' dir='ltr'>tetrici</span> <span class='ocrx_word' id='word_1_168' title='bbox 757 2441 819 2513; x_wconf 75' lang='lat' dir='ltr'>isti</span> <span class='ocrx_word' id='word_1_169' title='bbox 836 2442 1009 2514; x_wconf 83' lang='lat' dir='ltr'>Censores</span> <span class='ocrx_word' id='word_1_170' title='bbox 1031 2442 1177 2515; x_wconf 61' lang='lat' dir='ltr'>niumm</span> <span class='ocrx_word' id='word_1_171' title='bbox 1195 2444 1292 2542; x_wconf 80' lang='lat' dir='ltr'>opud</span> 
     </span>
     <span class='ocr_line' id='line_1_24' title="bbox 203 2538 1089 2637; baseline -0.006 -22"><span class='ocrx_word' id='word_1_172' title='bbox 203 2542 319 2615; x_wconf 86' lang='lat' dir='ltr'>Deum</span> <span class='ocrx_word' id='word_1_173' title='bbox 335 2541 464 2612; x_wconf 80' lang='lat' dir='ltr'>lt&#39;ct&#39;tom</span> <span class='ocrx_word' id='word_1_174' title='bbox 479 2538 669 2611; x_wconf 80' lang='lat' dir='ltr'>libertatem</span> <span class='ocrx_word' id='word_1_175' title='bbox 691 2539 870 2630; x_wconf 68' lang='lat' dir='ltr'>tyrennr&#39;cd</span> <span class='ocrx_word' id='word_1_176' title='bbox 886 2566 931 2637; x_wconf 82' lang='lat' dir='ltr'>op</span> <span class='ocrx_word' id='word_1_177' title='bbox 954 2541 1089 2611; x_wconf 73' lang='lat' dir='ltr'>ninere.</span> 
     </span>
    </p>

    <p class='ocr_par' dir='ltr' id='par_1_4' title="bbox 202 2568 1319 4017">
     <span class='ocr_line' id='line_1_25' title="bbox 254 2568 1295 2738; baseline -0.002 -24"><span class='ocrx_word' id='word_1_178' title='bbox 254 2637 326 2714; x_wconf 88' lang='lat' dir='ltr'>Sed</span> <span class='ocrx_word' id='word_1_179' title='bbox 352 2639 474 2729; x_wconf 88' lang='lat' dir='ltr'>dices,</span> <span class='ocrx_word' id='word_1_180' title='bbox 500 2637 618 2710; x_wconf 83' lang='lat' dir='ltr'>Judex</span> <span class='ocrx_word' id='word_1_181' title='bbox 639 2636 708 2710; x_wconf 87' lang='lat' dir='ltr'>sori</span> <span class='ocrx_word' id='word_1_182' title='bbox 727 2640 867 2712; x_wconf 81' lang='lat' dir='ltr'>externi</span> <span class='ocrx_word' id='word_1_183' title='bbox 880 2568 990 2711; x_wconf 74' lang='lat' dir='ltr'>debet</span> <span class='ocrx_word' id='word_1_184' title='bbox 1006 2637 1168 2737; x_wconf 85' lang='lat' dir='ltr'>judicare</span> <span class='ocrx_word' id='word_1_185' title='bbox 1187 2641 1295 2738; x_wconf 60' lang='lat' dir='ltr'>juxti*</span> 
     </span>
     <span class='ocr_line' id='line_1_26' title="bbox 206 2734 1296 2843; baseline -0.006 -27"><span class='ocrx_word' id='word_1_186' title='bbox 206 2741 419 2843; x_wconf 88' lang='lat' dir='ltr'>opinionem</span> <span class='ocrx_word' id='word_1_187' title='bbox 438 2734 723 2838; x_wconf 86' lang='lat' dir='ltr'>probabiliorem</span> <span class='ocrx_word' id='word_1_188' title='bbox 746 2738 855 2809; x_wconf 89' lang='lat' dir='ltr'>unius</span> <span class='ocrx_word' id='word_1_189' title='bbox 881 2738 1020 2836; x_wconf 88' lang='lat' dir='ltr'>partis,</span> <span class='ocrx_word' id='word_1_190' title='bbox 1046 2738 1212 2836; x_wconf 74' lang='lat' dir='ltr'>qulmvis</span> <span class='ocrx_word' id='word_1_191' title='bbox 1235 2737 1296 2809; x_wconf 59' lang='lat' dir='ltr'>ali</span> 
     </span>
     <span class='ocr_line' id='line_1_27' title="bbox 205 2833 1288 2939; baseline -0.004 -25"><span class='ocrx_word' id='word_1_192' title='bbox 205 2856 282 2914; x_wconf 86' lang='lat' dir='ltr'>tera</span> <span class='ocrx_word' id='word_1_193' title='bbox 300 2866 384 2939; x_wconf 84' lang='lat' dir='ltr'>pars</span> <span class='ocrx_word' id='word_1_194' title='bbox 402 2836 615 2935; x_wconf 90' lang='lat' dir='ltr'>opinionem</span> <span class='ocrx_word' id='word_1_195' title='bbox 636 2833 867 2933; x_wconf 83' lang='lat' dir='ltr'>probabilem</span> <span class='ocrx_word' id='word_1_196' title='bbox 885 2861 953 2934; x_wconf 86' lang='lat' dir='ltr'>pro</span> <span class='ocrx_word' id='word_1_197' title='bbox 969 2860 1010 2908; x_wconf 49' lang='lat' dir='ltr'>se*</span> <span class='ocrx_word' id='word_1_198' title='bbox 1029 2833 1182 2926; x_wconf 83' lang='lat' dir='ltr'>lrabeat3</span> <span class='ocrx_word' id='word_1_199' title='bbox 1200 2833 1288 2934; x_wconf 71' lang='lat' dir='ltr'>ergo</span> 
     </span>
     <span class='ocr_line' id='line_1_28' title="bbox 204 2932 1289 3034; baseline -0.007 -20"><span class='ocrx_word' id='word_1_200' title='bbox 204 2937 455 3014; x_wconf 75' lang='lat' dir='ltr'>confessarius</span> <span class='ocrx_word' id='word_1_201' title='bbox 475 2960 551 3007; x_wconf 91' lang='lat' dir='ltr'>non</span> <span class='ocrx_word' id='word_1_202' title='bbox 570 2947 690 3034; x_wconf 90' lang='lat' dir='ltr'>potest</span> <span class='ocrx_word' id='word_1_203' title='bbox 715 2932 902 3006; x_wconf 73' lang='lat' dir='ltr'>absolvere</span> <span class='ocrx_word' id='word_1_204' title='bbox 929 2934 1198 3033; x_wconf 76' lang='lat' dir='ltr'>poenitentem,</span> <span class='ocrx_word' id='word_1_205' title='bbox 1250 2934 1289 3006; x_wconf 88' lang='lat' dir='ltr'>ul</span> 
     </span>
     <span class='ocr_line' id='line_1_29' title="bbox 204 2960 1290 3135; baseline 0 -29"><span class='ocrx_word' id='word_1_206' title='bbox 204 3036 284 3109; x_wconf 81' lang='lat' dir='ltr'>vult</span> <span class='ocrx_word' id='word_1_207' title='bbox 300 3039 402 3135; x_wconf 89' lang='lat' dir='ltr'>sequi</span> <span class='ocrx_word' id='word_1_208' title='bbox 420 3033 632 3133; x_wconf 88' lang='lat' dir='ltr'>opinionem</span> <span class='ocrx_word' id='word_1_209' title='bbox 648 3031 881 3132; x_wconf 86' lang='lat' dir='ltr'>probabilem</span> <span class='ocrx_word' id='word_1_210' title='bbox 895 3047 1021 3105; x_wconf 86' lang='lat' dir='ltr'>contra</span> <span class='ocrx_word' id='word_1_211' title='bbox 1037 3058 1142 3106; x_wconf 81' lang='lat' dir='ltr'>auam</span> <span class='ocrx_word' id='word_1_212' title='bbox 1158 2960 1290 3131; x_wconf 78' lang='lat' dir='ltr'>probe·</span> 
     </span>
     <span class='ocr_line' id='line_1_30' title="bbox 205 3128 1290 3231; baseline -0.002 -23"><span class='ocrx_word' id='word_1_213' title='bbox 205 3135 389 3208; x_wconf 86' lang='lat' dir='ltr'>biliorem.</span> <span class='ocrx_word' id='word_1_214' title='bbox 408 3129 663 3231; x_wconf 87' lang='lat' dir='ltr'>Respondetur</span> <span class='ocrx_word' id='word_1_215' title='bbox 679 3159 689 3201; x_wconf 72' lang='lat' dir='ltr'>a</span> <span class='ocrx_word' id='word_1_216' title='bbox 708 3129 834 3229; x_wconf 71' lang='lat' dir='ltr'>Longe</span> <span class='ocrx_word' id='word_1_217' title='bbox 857 3128 982 3227; x_wconf 84' lang='lat' dir='ltr'>dispar</span> <span class='ocrx_word' id='word_1_218' title='bbox 1003 3143 1058 3202; x_wconf 87' lang='lat' dir='ltr'>est</span> <span class='ocrx_word' id='word_1_219' title='bbox 1078 3132 1169 3203; x_wconf 85' lang='lat' dir='ltr'>ratio</span> <span class='ocrx_word' id='word_1_220' title='bbox 1192 3130 1290 3206; x_wconf 81' lang='lat' dir='ltr'>inter</span> 
     </span>
     <span class='ocr_line' id='line_1_31' title="bbox 203 3226 1288 3335; baseline -0.004 -29"><span class='ocrx_word' id='word_1_221' title='bbox 203 3233 368 3335; x_wconf 77' lang='lat' dir='ltr'>judicem</span> <span class='ocrx_word' id='word_1_222' title='bbox 389 3232 459 3304; x_wconf 85' lang='lat' dir='ltr'>fori</span> <span class='ocrx_word' id='word_1_223' title='bbox 479 3229 641 3319; x_wconf 84' lang='lat' dir='ltr'>externi,</span> <span class='ocrx_word' id='word_1_224' title='bbox 658 3244 695 3301; x_wconf 87' lang='lat' dir='ltr'>et</span> <span class='ocrx_word' id='word_1_225' title='bbox 714 3226 1009 3319; x_wconf 74' lang='lat' dir='ltr'>sacramentali&#39;s3</span> <span class='ocrx_word' id='word_1_226' title='bbox 1028 3230 1068 3300; x_wconf 91' lang='lat' dir='ltr'>in</span> <span class='ocrx_word' id='word_1_227' title='bbox 1087 3228 1166 3301; x_wconf 87' lang='lat' dir='ltr'>soro</span> <span class='ocrx_word' id='word_1_228' title='bbox 1187 3231 1288 3302; x_wconf 87' lang='lat' dir='ltr'>enim</span> 
     </span>
     <span class='ocr_line' id='line_1_32' title="bbox 205 3325 1319 3427; baseline -0.003 -24"><span class='ocrx_word' id='word_1_229' title='bbox 205 3349 382 3421; x_wconf 83' lang='lat' dir='ltr'>externo,</span> <span class='ocrx_word' id='word_1_230' title='bbox 410 3354 494 3404; x_wconf 91' lang='lat' dir='ltr'>curn</span> <span class='ocrx_word' id='word_1_231' title='bbox 525 3342 652 3427; x_wconf 84' lang='lat' dir='ltr'>agatur</span> <span class='ocrx_word' id='word_1_232' title='bbox 673 3325 718 3401; x_wconf 91' lang='lat' dir='ltr'>de</span> <span class='ocrx_word' id='word_1_233' title='bbox 742 3327 890 3401; x_wconf 83' lang='lat' dir='ltr'>veritate</span> <span class='ocrx_word' id='word_1_234' title='bbox 914 3327 985 3410; x_wconf 79' lang='lat' dir='ltr'>rei,</span> <span class='ocrx_word' id='word_1_235' title='bbox 1008 3326 1214 3412; x_wconf 75' lang='lat' dir='ltr'>nimirum,</span> <span class='ocrx_word' id='word_1_236' title='bbox 1239 3353 1288 3400; x_wconf 89' lang='lat' dir='ltr'>an</span> <span class='ocrx_word' id='word_1_237' title='bbox 1314 3346 1319 3357; x_wconf 76' lang='grc'><strong>“</strong></span> 
     </span>
     <span class='ocr_line' id='line_1_33' title="bbox 202 3425 1290 3529; baseline -0.005 -25"><span class='ocrx_word' id='word_1_238' title='bbox 202 3457 290 3529; x_wconf 87' lang='lat' dir='ltr'>eger</span> <span class='ocrx_word' id='word_1_239' title='bbox 316 3431 363 3501; x_wconf 93' lang='lat' dir='ltr'>sit</span> <span class='ocrx_word' id='word_1_240' title='bbox 385 3428 495 3501; x_wconf 91' lang='lat' dir='ltr'>nnius</span> <span class='ocrx_word' id='word_1_241' title='bbox 513 3428 570 3503; x_wconf 77' lang='lat' dir='ltr'>vel</span> <span class='ocrx_word' id='word_1_242' title='bbox 584 3425 733 3500; x_wconf 83' lang='lat' dir='ltr'>ulterius</span> <span class='ocrx_word' id='word_1_243' title='bbox 752 3427 886 3528; x_wconf 80' lang='lat' dir='ltr'>partis,</span> <span class='ocrx_word' id='word_1_244' title='bbox 903 3425 1043 3515; x_wconf 78' lang='lat' dir='ltr'>Judea,</span> <span class='ocrx_word' id='word_1_245' title='bbox 1061 3425 1126 3525; x_wconf 90' lang='lat' dir='ltr'>qui</span> <span class='ocrx_word' id='word_1_246' title='bbox 1144 3438 1290 3499; x_wconf 90' lang='lat' dir='ltr'>tenetur</span> 
     </span>
     <span class='ocr_line' id='line_1_34' title="bbox 203 3522 1290 3628; baseline -0.006 -26"><span class='ocrx_word' id='word_1_247' title='bbox 203 3531 405 3628; x_wconf 85' lang='lat' dir='ltr'>unicuique</span> <span class='ocrx_word' id='word_1_248' title='bbox 423 3533 481 3626; x_wconf 80' lang='lat' dir='ltr'>jus</span> <span class='ocrx_word' id='word_1_249' title='bbox 496 3552 605 3597; x_wconf 86' lang='lat' dir='ltr'>suum</span> <span class='ocrx_word' id='word_1_250' title='bbox 624 3525 811 3613; x_wconf 90' lang='lat' dir='ltr'>tribuere,</span> <span class='ocrx_word' id='word_1_251' title='bbox 832 3524 942 3597; x_wconf 74' lang='lat' dir='ltr'>debet</span> <span class='ocrx_word' id='word_1_252' title='bbox 961 3522 1112 3624; x_wconf 86' lang='lat' dir='ltr'>quidem</span> <span class='ocrx_word' id='word_1_253' title='bbox 1130 3547 1208 3596; x_wconf 89' lang='lat' dir='ltr'>rem</span> <span class='ocrx_word' id='word_1_254' title='bbox 1226 3523 1290 3598; x_wconf 88' lang='lat' dir='ltr'>ad-</span> 
     </span>
     <span class='ocr_line' id='line_1_35' title="bbox 205 3622 1288 3727; baseline -0.004 -26"><span class='ocrx_word' id='word_1_255' title='bbox 205 3629 370 3727; x_wconf 70' lang='lat' dir='ltr'>judicare</span> <span class='ocrx_word' id='word_1_256' title='bbox 386 3625 432 3714; x_wconf 90' lang='lat' dir='ltr'>ei,</span> <span class='ocrx_word' id='word_1_257' title='bbox 447 3625 510 3719; x_wconf 88' lang='lat' dir='ltr'>qui</span> <span class='ocrx_word' id='word_1_258' title='bbox 523 3627 581 3722; x_wconf 75' lang='lat' dir='ltr'>jus</span> <span class='ocrx_word' id='word_1_259' title='bbox 594 3622 822 3723; x_wconf 85' lang='lat' dir='ltr'>probabilius</span> <span class='ocrx_word' id='word_1_260' title='bbox 838 3622 1037 3709; x_wconf 88' lang='lat' dir='ltr'>habet,nec</span> <span class='ocrx_word' id='word_1_261' title='bbox 1054 3636 1176 3722; x_wconf 86' lang='lat' dir='ltr'>potest</span> <span class='ocrx_word' id='word_1_262' title='bbox 1188 3622 1288 3697; x_wconf 71' lang='lat' dir='ltr'>certi</span> 
     </span>
     <span class='ocr_line' id='line_1_36' title="bbox 206 3720 1288 3826; baseline -0.004 -26"><span class='ocrx_word' id='word_1_263' title='bbox 206 3726 419 3826; x_wconf 79' lang='lat' dir='ltr'>adjudicare</span> <span class='ocrx_word' id='word_1_264' title='bbox 438 3722 541 3795; x_wconf 85' lang='lat' dir='ltr'>alteri</span> <span class='ocrx_word' id='word_1_265' title='bbox 556 3777 566 3807; x_wconf 84' lang='lat'>‚</span> <span class='ocrx_word' id='word_1_266' title='bbox 583 3723 647 3821; x_wconf 90' lang='lat' dir='ltr'>qui</span> <span class='ocrx_word' id='word_1_267' title='bbox 667 3749 732 3820; x_wconf 86' lang='lat' dir='ltr'>pro</span> <span class='ocrx_word' id='word_1_268' title='bbox 746 3748 785 3796; x_wconf 88' lang='lat' dir='ltr'>se</span> <span class='ocrx_word' id='word_1_269' title='bbox 804 3748 825 3792; x_wconf 89' lang='lat' dir='ltr'>o</span> <span class='ocrx_word' id='word_1_270' title='bbox 853 3723 1015 3795; x_wconf 90' lang='lat' dir='ltr'>inionem</span> <span class='ocrx_word' id='word_1_271' title='bbox 1036 3720 1288 3797; x_wconf 83' lang='lat' dir='ltr'>lrabetminirs</span> 
     </span>
     <span class='ocr_line' id='line_1_37' title="bbox 204 3748 1289 3927; baseline -0.005 -29"><span class='ocrx_word' id='word_1_272' title='bbox 204 3823 461 3927; x_wconf 82' lang='lat' dir='ltr'>probabilem3</span> <span class='ocrx_word' id='word_1_273' title='bbox 485 3821 589 3893; x_wconf 87' lang='lat' dir='ltr'>istius</span> <span class='ocrx_word' id='word_1_274' title='bbox 603 3822 702 3894; x_wconf 88' lang='lat' dir='ltr'>enim</span> <span class='ocrx_word' id='word_1_275' title='bbox 721 3748 959 3923; x_wconf 74' lang='lat' dir='ltr'>probabilitas</span> <span class='ocrx_word' id='word_1_276' title='bbox 977 3846 1053 3894; x_wconf 90' lang='lat' dir='ltr'>non</span> <span class='ocrx_word' id='word_1_277' title='bbox 1069 3835 1189 3919; x_wconf 85' lang='lat' dir='ltr'>potest</span> <span class='ocrx_word' id='word_1_278' title='bbox 1207 3818 1289 3893; x_wconf 86' lang='lat' dir='ltr'>effi-</span> 
     </span>
     <span class='ocr_line' id='line_1_38' title="bbox 205 3916 1288 4017; baseline -0.006 -20"><span class='ocrx_word' id='word_1_279' title='bbox 205 3949 309 4011; x_wconf 87' lang='lat' dir='ltr'>cere,</span> <span class='ocrx_word' id='word_1_280' title='bbox 363 3921 437 3995; x_wconf 92' lang='lat' dir='ltr'>uod</span> <span class='ocrx_word' id='word_1_281' title='bbox 451 3946 507 3993; x_wconf 88' lang='lat' dir='ltr'>res</span> <span class='ocrx_word' id='word_1_282' title='bbox 552 3917 754 3992; x_wconf 85' lang='lat' dir='ltr'>robabiliirs</span> <span class='ocrx_word' id='word_1_283' title='bbox 778 3924 900 3993; x_wconf 74' lang='lat' dir='ltr'>reveri</span> <span class='ocrx_word' id='word_1_284' title='bbox 914 3946 992 3995; x_wconf 89' lang='lat' dir='ltr'>non</span> <span class='ocrx_word' id='word_1_285' title='bbox 1012 3917 1060 3992; x_wconf 93' lang='lat' dir='ltr'>sit</span> <span class='ocrx_word' id='word_1_286' title='bbox 1082 3916 1202 4008; x_wconf 86' lang='lat' dir='ltr'>illius,</span> <span class='ocrx_word' id='word_1_287' title='bbox 1221 3918 1288 4017; x_wconf 89' lang='lat' dir='ltr'>qui</span> 
     </span>
    </p>

    <p class='ocr_par' dir='ltr' id='par_1_5' title="bbox 308 3947 1363 4119">
     <span class='ocr_line' id='line_1_39' title="bbox 308 3947 1363 4119; baseline -0.005 -25"><span class='ocrx_word' id='word_1_288' title='bbox 308 3950 506 4094; x_wconf 72' lang='lat' dir='ltr'>rcibabilius</span> <span class='ocrx_word' id='word_1_289' title='bbox 521 3947 656 4103; x_wconf 78' lang='lat' dir='ltr'>labet,</span> <span class='ocrx_word' id='word_1_290' title='bbox 673 4030 708 4091; x_wconf 86' lang='lat' dir='ltr'>et</span> <span class='ocrx_word' id='word_1_291' title='bbox 723 4043 790 4119; x_wconf 91' lang='lat' dir='ltr'>per</span> <span class='ocrx_word' id='word_1_292' title='bbox 805 4042 1035 4118; x_wconf 85' lang='lat' dir='ltr'>consequeus</span> <span class='ocrx_word' id='word_1_293' title='bbox 1049 4014 1190 4115; x_wconf 66' lang='lat' dir='ltr'>injuste</span> <span class='ocrx_word' id='word_1_294' title='bbox 1203 4040 1287 4115; x_wconf 80' lang='lat' dir='ltr'>age·</span> <span class='ocrx_word' id='word_1_295' title='bbox 1353 4090 1363 4105; x_wconf 69' lang='grc'>,</span> 
     </span>
    </p>
   </div>
   <div class='ocr_carea' id='block_1_3' title="bbox 201 4050 1285 4219">
    <p class='ocr_par' dir='ltr' id='par_1_6' title="bbox 201 4050 1285 4219">
     <span class='ocr_line' id='line_1_40' title="bbox 201 4050 1285 4219; baseline -0.009 -21"><span class='ocrx_word' id='word_1_296' title='bbox 201 4050 262 4199; x_wconf 56' lang='lat' dir='ltr'>lii</span> <span class='ocrx_word' id='word_1_297' title='bbox 276 4050 417 4211; x_wconf 70' lang='lat' dir='ltr'>ludex,</span> <span class='ocrx_word' id='word_1_298' title='bbox 442 4121 474 4194; x_wconf 84' lang='lat' dir='ltr'>si</span> <span class='ocrx_word' id='word_1_299' title='bbox 499 4118 568 4218; x_wconf 80' lang='lat' dir='ltr'>ipsi</span> <span class='ocrx_word' id='word_1_300' title='bbox 586 4141 662 4194; x_wconf 83' lang='lat' dir='ltr'>rem</span> <span class='ocrx_word' id='word_1_301' title='bbox 681 4142 754 4194; x_wconf 90' lang='lat' dir='ltr'>non</span> <span class='ocrx_word' id='word_1_302' title='bbox 773 4115 1012 4219; x_wconf 77' lang='lat' dir='ltr'>adjudicaret</span> <span class='ocrx_word' id='word_1_303' title='bbox 1031 4112 1285 4199; x_wconf 74' lang='lat' dir='ltr'>Confestatlus</span> 
     </span>
    </p>
   </div>
   <div class='ocr_carea' id='block_1_4' title="bbox 0 0 1464 4709">
    <p class='ocr_par' dir='ltr' id='par_1_7' title="bbox 0 0 1464 4709">
     <span class='ocr_line' id='line_1_41' title="bbox 0 0 1464 4709; baseline 0 0"><span class='ocrx_word' id='word_1_304' title='bbox 0 0 1464 4709; x_wconf 95' lang='lat' dir='ltr'> </span> 
     </span>
    </p>
   </div>
  </div>
 </body>
</html>
