2917 4709
223 206 287 276 282
329 204 402 272 Lib.
419 203 478 273 Vl.
489 201 597 273 Traot.
611 201 656 271 V.
667 203 717 270 De
729 194 1023 290 Extrema-Une„
1041 198 1219 272 etOrdine.

226 321 433 391 communis
450 331 506 391 eet
526 321 598 391 tim
621 317 762 390 Graecio
784 320 894 415 qnam
913 316 1076 408 Latinio,
1092 342 1169 390 esse
1189 329 1307 389 mate·

224 420 318 490 riam
342 419 571 490 essentialem
606 415 830 505 sacramenti
863 414 1012 488 Ordinis
1027 439 1037 505 ;
1055 416 1305 489 'traditionem

225 533 346 590 autern
371 519 698 587 instrumentorum
723 538 801 586 esse
828 512 970 587 tantiam
995 519 1180 587 materiam
1204 514 1305 586 inte·

251 614 372 687 nalem.
389 614 425 685 Si
443 626 563 687 autem
582 613 733 686 Latinus
749 612 938 687 ordinetur
956 611 1070 686 formd
1088 637 1202 710 graece
1217 638 1303 710 pro·

187 708 192 717 ’
224 640 320 798 iata,
342 709 399 784 vel
415 709 435 783 ὲ
452 735 651 795 converso,
674 709 919 808 proculdubio
935 710 1054 785 valida
1072 727 1125 785 eat
1141 711 1304 785 Ordina-
1417 710 1419 713 ’

134 818 140 822 “
225 812 275 881 tio
298 867 307 899 ,
330 825 372 882 ut
397 808 494 883 recte
520 823 556 882 et
582 809 829 882 communiter
852 808 981 884 dicunt
1002 810 1106 907 Lago
1128 810 1167 882 d.
1197 834 1304 884 ano.

230 935 307 1005 ¹⁰7·
329 911 420 982 Con.
437 935 472 1007 q.
489 908 539 982 68
558 922 594 980 et
610 907 721 983 Croix
740 934 778 980 n.
801 908 847 983 30
865 933 952 981 cum
969 910 1071 983 Suar.
1088 910 1252 1010 Cajetan.
1268 908 1311 981 et'

224 1008 359 1079 Dicant.

165 1129 215 1201 7⁴²
271 1104 368 1180 Dub.
386 1103 419 1177 3.
435 1109 492 1178 Αιι
505 1158 514 1191 ,
529 1118 664 1179 attenta
682 1103 863 1204 probabili
884 1103 1061 1179 sententia
1076 1130 1224 1188 eornm,
1241 1104 1305 1205 qni

223 1204 376 1290 dicunt,
398 1204 444 1276 ad
469 1202 627 1277 valorem
644 1203 894 1277 Ordinationis
912 1206 1050 1303 requiri
1073 1203 1308 1277 traditionem

222 1307 571 1387 instrumentorum,
604 1297 755 1397 omnino
784 1303 892 1376 etiam
919 1306 1127 1402 requiratur
1154 1301 1307 1377 iliorum

221 1416 413 1475 contactus
436 1427 479 1474 ex
497 1415 599 1501 parte
615 1401 847 1501 suscipientis
863 1402 878 1474 ἲ
897 1401 1022 1472 Prima
1042 1402 1221 1475 sententia
1237 1427 1308 1473 ne·

50 1562 55 1569 .
87 1572 92 1581 ,
222 1515 281 1598 gat
299 1514 335 1571 et
352 1501 448 1571 hanc
469 1500 703 1600 tenetLaym
723 1524 757 1573 c.
774 1501 795 1572 5
815 1527 850 1573 ιι.
869 1503 903 1593 4.
920 1501 1007 1572 Nar.
1029 1502 1126 1575 Meo.
1158 1525 1237 1599 cap.
1259 1523 1305 1572 aa

126 1662 130 1672 .
225 1622 264 1669 n.
287 1624 337 1695 ¹7·
359 1601 472 1697 Cajet.
493 1598 532 1670 in
556 1624 700 1670 summa
722 1624 754 1669 r.
777 1598 1061 1688 Ordinantiurn‚
1083 1599 1189 1671 Dian.
1210 1610 1306 1697 part.

221 1694 306 1767 3tr.
328 1698 407 1790 4R.
435 1696 499 1768 185
521 1695 609 1768 item
625 1695 712 1769 Alb.
739 1699 831 1794 Mag.
850 1700 951 1770 Arm.
973 1696 1072 1769 Vict.
1090 1698 1246 1795 Henriq.
1267 1710 1305 1770 et

221 1793 333 1893 Vasq.
355 1794 455 1889 apud
478 1793 556 1868 Pal.
580 1822 616 1894 p,
638 1797 661 1889 4
682 1822 718 1867 ιι.
745 1822 803 1868 21.
826 1796 950 1883 Ratio,
974 1800 1058 1894 qnia
1083 1795 1130 1867 ad
1149 1810 1306 1891 potesta·

221 1906 274 1964 tes
288 1908 324 1966 et
340 1892 501 1965 dominia
519 1918 642 1966 rernm
657 1892 891 1967 concedenda
911 1892 1053 1983 suflicit,
1072 1906 1114 1966 ut
1128 1895 1306 1980 minister,

221 2006 280 2060 ant
301 1991 472 2063 dominus
487 1991 605 2063 tradat
624 2046 633 2075 ,
650 2006 687 2064 et
703 1990 795 2064 alter
811 2018 969 2090 praesens
983 2017 1023 2063 ea
1046 2006 1210 2091 acceptet
1225 1997 1308 2066 sine

221 2103 389 2161 contactu
415 2089 463 2160 rei
482 2091 636 2162 uadirae.
652 2089 812 2165 Secunda
825 2089 911 2164 vero
931 2092 1108 2162 sententia
1124 2088 1279 2163 affirmat
1295 2143 1306 2178 ,

220 2199 259 2258 et
272 2186 368 2259 hano
386 2200 513 2259 tenent
532 2190 573 2260 D.
590 2185 661 2259 Th.
679 2213 749 2287 sup
780 2242 788 2259 .
811 2214 847 2288 q.
866 2190 912 2282 34
928 2205 994 2263 art.
1016 2187 1099 2263 5ad
1115 2188 1148 2263 3.
1167 2186 1306 2263 Sanch.

221 2284 332 2374 Cous.
355 2286 381 2357 Ι.
400 2286 518 2383 7“ειιρ.
545 2313 553 2357 ι
576 2284 664 2358 dub.
691 2311 722 2357 a.
744 2214 881 2358 donae.
902 2313 938 2386 p.
959 2286 1033 2360 3n.
1058 2314 1094 2361 rr
1117 2303 1152 2359 et
1171 2286 1307 2361 Paiana

220 2407 260 2455 ιι.
281 2409 325 2456 22
349 2408 433 2457 curn
452 2382 536 2457 Vai.
556 2385 601 2456 Sa
617 2438 626 2468 ,
642 2381 689 2455 de
705 2385 798 2458 Con.
823 2385 942 2468 Ratio,
961 2384 1045 2484 qnia
1064 2385 1232 2459 Christus
1251 2385 1307 2459 aie

221 2482 381 2555 instituit
396 2482 554 2555 conferri
572 2480 751 2555 Ordinem
769 2538 778 2567 ,
798 2481 909 2582 proiit
925 2484 1081 2555 madent
1095 2486 1214 2583 praxis
1230 2486 1309 2558 Ec·

221 2579 366 2669 etesiae,
387 2597 424 2653 et
449 2580 584 2673 formae*
599 2579 732 2670 rerba,
760 2606 842 2680 qoae
861 2596 902 2654 ut
922 2582 972 2655 ait
990 2583 1034 2657 O.
1059 2583 1132 2656 Th.
1152 2584 1309 2655 videntur

221 2680 430 2769 ostendere,
456 2680 551 2778 quod
557 2693 682 2751 doctus
705 2679 858 2751 materie
876 2680 923 2752 sit
939 2681 984 2751 de
1002 2682 1159 2754 essentia
1177 2678 1310 2753 Socra·

221 2779 338 2849 menri.
355 2778 403 2850 Et
421 2776 500 2853 haeo
514 2779 711 2864 sententia,
726 2803 811 2852 oum
827 2780 874 2850 sit
886 2777 972 2852 satia
993 2778 1215 2875 probabilis,
1229 2804 1309 2852 om·

220 2874 313 2948 niud
329 2877 368 2948 in
389 2878 489 2979 praxi
505 2876 690 2975 sequenda
708 2892 782 2961 est,
800 2875 929 2949 saitem
944 2876 983 2949 in
1001 2877 1143 2951 Ordine
1157 2877 1305 2977 presby·

222 2972 358 3046 teratira
376 2989 412 3046 et
430 2973 677 3063 Diaconatds3
698 3000 784 3046 nam
803 2973 925 3073 qudad
944 2974 1034 3048 aiios
1052 2975 1210 3049 Ordines
1227 3002 1310 3076 pro-

187 3124 191 3134 .
223 3068 345 3144 babile
359 3089 412 3145 est
428 3099 504 3146 non
522 3100 597 3145 esse
611 3074 843 3146 Sacramenta
862 3129 872 3161 ,
893 3090 934 3146 nt
947 3071 1105 3149 diximus
1122 3101 1162 3151 n.
1181 3075 1263 3173 737.

164 3195 212 3265 743
267 3168 368 3243 Dub.
386 3174 421 3263 4.
434 3176 491 3243 Αιι
505 3170 551 3243 ad
562 3168 718 3245 valorem
728 3170 1306 3274 Ordinationisrequiraturoon·

220 3279 337 3340 tactor
353 3267 527 3368 physicus
555 3268 914 3345 instrumentorum?
935 3272 990 3344 Ne
1015 3286 1078 3344 ant
1103 3270 1190 3359 alii,
1210 3297 1309 3371 quo·

219 3390 305 3438 rum
320 3370 538 3439 sententiam
557 3365 686 3441 meriti)
698 3384 828 3466 putant
843 3300 1071 3468 probnbiiem
1087 3370 1200 3443 Saim.
1225 3396 1260 3443 c.
1284 3397 1307 3444 a

218 3489 257 3537 n.
280 3489 322 3536 ιι
336 3477 372 3537 et
386 3465 498 3537 Rono.
519 3491 598 3565 pag.
623 3467 687 3539 125
707 3492 744 3581 q.
761 3467 782 3540 5
803 3468 843 3543 R.
862 3470 898 3541 3.
920 3469 1048 3556 Ratio,
1066 3470 1153 3568 quia
1169 3469 1306 3541 hnma-

219 3587 268 3637 no
286 3562 396 3637 modo
410 3565 616 3659 loquendo,
631 3564 701 3637 hoc
719 3568 825 3660 ipso,
842 3566 943 3666 qnod
962 3566 1009 3640 ali
1038 3572 1093 3640 uia
1107 3590 1184 3640 rem
1203 3567 1307 3642 alteri

220 3660 359 3752 offerat,
374 3675 411 3735 et
426 3659 517 3735 alter
533 3663 721 3760 significet,
740 3662 867 3762 aliquo
886 3594 1048 3738 sensiuii
1063 3666 1179 3765 signo,
1195 3691 1233 3738 ae
1251 3691 1309 3738 ao·

219 3773 366 3930 eeffitare
378 3759 492 3849 iilam,
504 3766 576 3855 jam
589 3775 759 3835 censetur
775 3778 975 3862 acceptare,
987 3781 1063 3838 esto
1080 3790 1154 3836 non
1170 3778 1308 3863 tangat.

218 3863 247 3931 A
293 3877 413 3933 rmant
433 3858 519 3933 rard
544 3886 629 3934 cunr
654 3863 832 3934 sententia
856 3864 1102 3938 communiori
1126 3864 1306 3938 Bonacin.

218 3955 331 4032 Ronc.
353 3959 391 4031 il.
410 3985 465 4032 cc„
485 3960 574 4032 Viva
596 3986 631 4058 q.
649 3984 669 4056 7
687 3972 743 4032 art
750 4015 856 4035 .....
885 3988 907 4035 ιι
918 4016 1023 4036 .....
1052 3961 1162 4035 Elbel
1183 3988 1221 4035 n.
1247 3963 1305 4036 18.

219 4054 329 4132 Maza.
345 4071 374 4133 t.
393 4060 416 4135 3
433 4083 471 4158 p.
490 4062 561 4137 228
579 4072 616 4134 et
629 4057 743 4134 Satur.
763 4086 795 4135 c.
807 4084 828 4132 ι
841 4086 876 4136 ιι.
900 4062 942 4157 ι4
959 4061 1140 4137 cumSoto
1157 4061 1307 4152 Averna,
