2917 4709
232 208 305 310 '286
346 207 419 276 Lib.
435 209 494 278 vt.
505 209 612 277 Tract.
631 209 675 278 V.
686 211 736 277 De
752 211 1039 296 Extrema-Unel„
1056 225 1088 278 et
1097 209 1233 277 Ordine.

241 354 260 389 s
291 350 360 494 iim
391 323 532 410 estatis,
550 338 591 395 nt
608 323 645 395 in
662 319 901 420 Regularibus
919 379 927 407 ,
944 322 1047 396 Trid.
1067 348 1152 398 sess.
1174 349 1214 395 αι
1243 349 1276 395 c.
1299 348 1322 394 2

241 452 264 492 2>
331 478 340 495 .
362 351 498 498 Bonae.
517 419 598 496 Vll.
620 421 723 495 Ordo
741 425 834 495 inter
851 424 1099 520 receptionem
1125 422 1259 506 unius,
1286 436 1327 493 et·

241 550 261 586 s
293 519 441 594 alterius
456 526 584 616 ;enjus
600 521 774 610 inversio,
784 547 817 594 v.
833 548 866 620 g.
883 521 1067 623 suscipere
1080 520 1324 594 Diaconatnru

243 648 266 687 u
294 618 951 704 antesubdiaconatum,eritmouate
965 648 975 693 ε
988 617 1324 717 Episcopatusante

244 749 264 784 n
293 713 542 792 Sacerdotium
569 720 638 790 erit
662 721 771 789 etium
788 716 987 790 invalidus.
1011 717 1110 790 VIII.
1132 718 1294 818 Tempus
1314 740 1324 804 ;

243 845 265 884 »
294 819 344 892 sic
364 817 520 888 minores
532 816 773 889 conseruntur
787 816 910 913 quavis
922 817 1113 890 Domiuiea
1129 872 1138 901 ,
1156 815 1213 889 vel
1232 816 1324 888 sesto

247 943 267 988 n
293 912 445 1015 quidem
467 914 553 997 tali,
577 914 677 1008 qttod
693 940 737 986 ex
758 928 943 1014 praecepto
960 913 1134 988 Ecclesite
1155 913 1325 987 celebre·

245 1043 263 1079 s
296 1029 357 1086 tur
385 1015 492 1086 ellim
521 1014 558 1085 in
583 1015 687 1099 soro,
715 1025 758 1085 ut
781 1013 931 1112 sylvest.
952 1015 1056 1086 deor.
1084 1010 1232 1086 Barbos.
1253 1026 1325 1084 etc.

180 1170 191 1186 ‚„
249 1137 268 1177 tt
294 1138 482 1188 commun.
505 1112 649 1184 docent.
665 1117 744 1201 Ac,
765 1109 852 1184 licet
867 1112 1027 1212 Praepos.
1048 1110 1213 1208 Fagund.
1230 1110 1323 1183 Tan.

246 1240 264 1276 s
295 1211 447 1284 Gavant.
464 1225 533 1283 eto.
548 1224 677 1309 putent
692 1208 856 1282 sullicere
871 1210 1027 1309 quodvis
1044 1210 1176 1281 festum
1191 1206 1328 1308 duplex

243 1307 267 1376 'n
297 1309 335 1381 in
362 1305 553 1394 Ecclesia,
581 1332 735 1406 eamque
759 1311 975 1381 sententiam
1000 1310 1106 1382 Dian.
1128 1335 1164 1408 p.
1185 1307 1207 1381 5
1228 1322 1255 1378 t.
1283 1308 1326 1380 13

251 1433 270 1471 s
297 1432 365 1479 res.
385 1413 430 1500 47
446 1420 551 1480 vocet
569 1421 684 1479 tutam
708 1408 745 1477 iu
766 1411 887 1500 praxi,
911 1424 1134 1480 eam‘tameu
1156 1432 1198 1478 ex
1218 1407 1325 1479 Dect.

247 1533 265 1571 s
295 1503 437 1579 Urbani
451 1502 536 1577 Vlll
555 1510 726 1599 rejectam
746 1530 822 1577 esse
839 1522 964 1578 monet
982 1505 1023 1579 C.
1039 1503 1086 1577 de
1108 1508 1199 1601 Lug.
1211 1501 1281 1575 lib.
1309 1530 1321 1573 ι

251 1633 270 1672 n
297 1630 393 1701 resp.
415 1629 505 1677 mor.
526 1602 564 1674 d.
592 1603 650 1694 43.
673 1603 833 1676 Eosdem
857 1618 977 1676 autem
997 1630 1104 1702 posse
1123 1630 1166 1675 ex
1183 1617 1328 1695 recepta

248 1733 268 1768 n
295 1699 565 1801 Episcopornm
590 1701 879 1789 consuetudine,
905 1703 1013 1775 etism
1033 1702 1159 1774 tertt6
1181 1724 1328 1799 vespere

249 1832 267 1866 s
295 1800 382 1874 ante
399 1799 621 1885 Sabbatum,
645 1826 721 1899 quo
748 1826 875 1874 omues
896 1802 1053 1875 Ordines
1069 1805 1150 1901 jure
1171 1798 1330 1871 conferri

250 1930 272 1970 s
328 1914 478 1985 essunt,
503 1913 606 1972 notat
620 1898 726 1972 Dian.
752 1928 831 1997 pag.
854 1926 875 1971 2
898 1914 923 1971 t.
942 1898 967 1971 6
984 1899 1026 1971 R.
1053 1906 1101 1971 28
1117 1926 1160 1971 ex
1174 1898 1328 1996 Henriq.

250 2027 269 2062 s
300 1927 429 2093 liegiu.
454 2013 524 2070 etc.
540 1997 694 2096 Maiores
716 1997 803 2069 verti
818 1997 1330 2092 SabbatisQuatuorTempo·

254 2116 275 2150 ⁴²
302 2120 407 2183 rum,
430 2097 678 2172 etDominicae
689 2097 893 2184 Passionis,
912 2094 1213 2170 acHebdomndae
1226 2119 1332 2166 sanc·

254 2225 275 2263 n
302 2210 358 2267 tae.
377 2187 438 2267 lit.
462 2189 660 2266 interstitia
682 2209 907 2291 temporum.
928 2195 986 2270 Sic
1007 2198 1164 2294 majores
1182 2192 1330 2266 nonnisi

256 2324 276 2363 s
306 2309 389 2391 post
405 2317 547 2364 atinum
577 2291 621 2363 ab
647 2290 795 2365 alterius
813 2296 1045 2393 susceptione
1065 2291 1225 2365 conferri
1246 2317 1332 2388 pos·

254 2423 272 2457 s
304 2406 414 2475 sunt,
436 2417 480 2464 ex
497 2389 599 2463 Trid.
620 2416 705 2476 sess.
732 2392 776 2464 23
805 2419 838 2465 c.
870 2419 922 2466 tt.
947 2392 987 2465 13
1003 2407 1040 2464 et
1059 2394 1112 2483 '‘i·
1131 2395 1164 2464 in
1185 2417 1257 2488 quo
1276 2408 1332 2461 ta·

256 2521 277 2557 u
303 2515 388 2563 rnen
404 2489 611 2589 Episcopus
626 2488 672 2582 oh
688 2495 960 2577 necessitatem,
976 2489 1032 2561 rel
1052 2490 1245 2563 utilitatem
1259 2489 1334 2560 Ec·

256 2617 276 2656 u
306 2588 426 2661 clesiae
457 2603 573 2683 potest
599 2586 827 2687 dispensare.
849 2588 990 2668 Eodem
1010 2607 1131 2660 tamen
1157 2587 1234 2671 die,
1257 2612 1334 2657 non

256 2718 277 2758 u
305 2690 374 2761 uisi
389 2685 435 2763 de
449 2687 593 2760 licentia
607 2687 738 2784 Papae,
753 2685 828 2761 duo
840 2687 996 2760 Ordines
1011 2691 1167 2786 majores
1179 2698 1335 2784 possunt

256 2817 278 2854 n
306 2783 403 2882 dari3
423 2788 581 2858 minores
602 2785 686 2857 verli
704 2812 853 2876 omnes,
875 2784 1107 2884 dispensante
1126 2787 1337 2885 Episcopo,

257 2915 274 2950 s
306 2902 460 2984 possunt
478 2884 557 2955 dati
574 2884 702 2957 eodem
728 2884 805 2973 die,
827 2900 880 2971 ct,
898 2887 927 2956 si
947 2883 1178 2957 consuetudo
1195 2887 1241 2957 sit
1258 2939 1266 2968 ,
1287 2883 1335 2953 si·

136 3059 142 3078 .
257 3014 278 3052 n
308 2979 497 3055 mileum
524 2978 806 3055 subdiaconatu.
826 2985 913 3056 Nav.
943 3010 977 3056 e.
997 2985 1057 3057 25.
1073 2982 1225 3082 Henriq.
1241 2980 1265 3053 l.
1291 3004 1334 3054 to

258 3112 278 3149 n
313 3079 500 3179 rt.Vusq.
527 3083 628 3153 Suar.
646 3082 713 3166 Sa,
735 3108 765 3153 v.
791 3081 906 3152 Ordo.
926 3083 975 3158 La
1003 3107 1049 3153 m.
1070 3081 1277 3179 l.3t9e.
1297 3084 1335 3154 8.

258 3210 280 3250 n
306 3178 355 3250 X.
370 3180 490 3252 Locus
503 3237 509 3261 ,
521 3180 660 3250 scilicet
674 3205 738 3273 pro
750 3180 904 3252 solemni
919 3109 1115 3252 collatione
1128 3179 1336 3269 ,Ecclesia,

259 3308 280 3347 n
336 3303 376 3348 ro
394 3279 553 3374 privata,
574 3277 767 3349 Sacellum.
782 3280 847 3351 XI.
867 3280 965 3351 AEtas
980 3334 989 3363 ,
1007 3283 1044 3351 in
1064 3305 1138 3379 qno
1151 3275 1336 3350 ordinarie

260 3408 279 3446 n
308 3301 516 3475 Episcopus
535 3403 607 3446 non
627 3391 745 3474 potest
758 3375 990 3475 dispensave3
1007 3394 1043 3448 et
1059 3384 1111 3449 sic
1131 3404 1197 3475 pro
1215 3380 1336 3474 prima

260 3506 280 3546 n
309 3473 478 3546 Tonsura
497 3489 530 3546 et
545 3473 1335 3575 minoribusrequiritursnltemseptennium

260 3607 279 3640 s
309 3573 553 3669 completum,
573 3573 657 3646 licet
670 3575 798 3664 Quint.
812 3588 839 3645 t.
852 3575 878 3648 6
890 3588 979 3645 sect.
1000 3599 1039 3648 nt
1059 3589 1184 3647 contro
1198 3572 1332 3645 Sanch.

260 3705 277 3740 s
310 3687 380 3745 etc.
397 3686 499 3770 putet
518 3670 682 3743 sufficere
699 3670 928 3744 inchoatum.
940 3675 1011 3745 Pro
1025 3672 1205 3771 Acolytho
1219 3696 1337 3743 annus

261 3804 282 3842 n
317 3798 357 3844 12
379 3767 609 3869 completus,
629 3769 659 3841 F
661 3768 714 3841 ill.
737 3784 764 3842 t.
783 3795 809 3869 9
833 3796 866 3842 e.
884 3773 905 3861 l
922 3797 959 3843 n.
977 3772 1035 3843 28.
1053 3772 1125 3843 Pro
1138 3769 1337 3842 Subdiaco

261 3908 277 3938 s
311 3884 397 3941 natu
415 3869 608 3968 vigesimus
623 3868 829 3958 sccundus,
846 3895 913 3965 pro
928 3871 1129 3943 Diaconatu
1143 3870 1340 3964 vigesimus

262 4004 282 4040 n
310 3968 466 4054 tertius,
494 3993 561 4068 pro
589 3966 798 4040 sacerdotio
828 3968 1193 4066 vigesimnsquintus,
1211 3993 1341 4040 omnes

266 4099 284 4136 s
311 4067 468 4167 incepti,
485 4091 552 4167 pro
564 4068 1235 4168 Episcopatutrigesimuscompletus.
1245 4065 1337 4139 vid.
