2917 4709
303 330 306 335 ,
342 310 345 314 ·
365 266 940 374 cap‘.t.nuh.11.nesponsalshua
1131 280 1197 373 tat

114 416 235 489 posse.
255 393 505 468 communiter
526 412 649 468 tamen
674 397 813 495 praelati
837 400 912 473 At.
936 398 1008 467 tam
1029 394 1203 470 secundae

148 495 232 563 uim
248 495 359 565 tertiae
376 495 588 580 sententiae,
606 511 645 567 ut
659 495 792 568 Saueh.
815 521 851 568 n.
872 522 925 567 tr.
947 492 1027 566 Pat‘.
1044 520 1145 566 num.
1160 518 1205 592 9..

119 514 223 661 dola.
242 589 266 662 l.
284 617 315 662 c.
333 590 441 663 Croix
455 617 491 663 n.
511 593 581 689 57⁰
598 616 634 664 et.
652 593 763 665 Salm.
781 619 816 666 n.
841 617 883 690 ¹9
901 594 1012 664 etalii
1034 595 1164 690 passim
1185 645 1196 678 ,

119 683 268 776 dicunt,
284 686 576 762 uon'excusaria
599 690 708 789 culpa
732 691 877 765 mortali
894 690 989 762 filios
1014 690 1200 764 Matrimo-

119 786 287 859 monium
304 788 560 860 contrahentes
578 844 586 873 ‚
606 791 634 860 si
659 805 823 880 [tarentas
840 788 1201 887 justecontradicant

119 880 175 954 vel
200 885 230 955 si
253 894 470 957 censeantur
495 885 756 959 rationabiliter
781 886 906 974 iuviti,
937 900 1023 985 puta
1049 887 1079 957 si
1107 874 1198 957 tales

120 984 262 1079 nuptiae
283 983 531 1056 redundarent
547 985 585 1056 in
603 985 763 1058 dedecus
780 985 947 1065 familiae,
969 985 1024 1055 vel
1041 987 1069 1056 si
1085 1008 1129 1056 ex
1148 982 1205 1056 eis¹

118 1079 195 1152 siut
213 1083 352 1155 oritura
373 1083 489 1177 gravia
509 1082 679 1155 scandala
696 1096 759 1154 aut
774 1082 1028 1154 dissensiones.

119 1228 125 1235 -
175 1176 307 1276 Quarto
328 1179 478 1252 demitto
496 1184 673 1253 sententia
692 1195 969 1281 ,quarn'tenent
985 1181 1110 1279 Laym.
1128 1203 1160 1251 e.
1182 1204 1197 1251 r

122 1300 226 1348 uum.
253 1280 293 1364 td
311 1292 348 1351 et
367 1276 552 1365 Delbene,
574 1305 617 1353 ae
633 1282 765 1351 Aversa
782 1278 881 1375 apud
900 1279 1007 1351 Croix
1031 1282 1056 1351 Ι.
1077 1277 1102 1349 6
1124 1276 1205 1376 pt
1320 1336 1331 1351 .

123 1398 161 1444 n.
180 1376 250 1470 570
266 1373 481 1475 distinguit,
500 1393 536 1449 et
553 1378 642 1451 dicit
659 1376 781 1476 quod,
802 1380 831 1449 si
850 1391 1014 1475 parentes
1034 1372 1081 1448 ab
1101 1373 1204 1448 omni

122 1470 357 1545 Matrimonio
386 1475 504 1546 filium
538 1490 703 1548 avertere·
727 1489 908 1547 conantur
939 1499 1023 1546 cum
1039 1471 1204 1572 periculo

124 1568 412 1653 incontinentiae.
430 1572 526 1644 filius
541 1600 616 1645 non
634 1588 800 1645 teneatur
816 1573 977 1660 obedire,
991 1574 1020 1643 ai
1038 1572 1122 1645 verti
1138 1571 1205 1642 im-

125 1664 261 1765 pedire
274 1669 385 1742 velint
401 1669 554 1771 aliquod
570 1688 712 1747 certum
734 1671 1022 1754 Matrimonium,
1043 1685 1132 1741 tunc
1151 1668 1205 1739 vi·
1279 1748 1281 1757 Α

125 1763 290 1838 deudum
311 1791 321 1856 3
344 1770 374 1841 si
394 1786 559 1867 parentes
582 1768 717 1866 injuste
740 1767 972 1866 impediant,
999 1781 1089 1840 tono
1109 1767 1207 1838 filius

123 1888 195 1937 uec
222 1876 366 1939 tenetur
392 1866 577 1959 obedircp
593 1868 698 1939 seclis
722 1869 753 1940 si
779 1882 943 1966 parentes
969 1865 1064 1960 juste
1092 1868 1209 1962 impe·

128 1959 256 2052 diant;
277 1963 408 2064 nempe
421 1966 450 2036 si
470 1991 512 2037 ex
529 1963 591 2039 tali
611 1965 845 2039 Matrimonio
862 1963 1003 2036 oriatur
1016 1960 1176 2035 dedecus
1197 2017 1207 2050 ‚

128 2075 192 2131 aut
201 2060 417 2135 scandalum
433 2063 578 2137 familiae
597 2120 605 2147 ‚
625 2079 714 2138 tunc
729 2064 828 2136 enim
846 2061 944 2134 filius
961 2063 1115 2157 graviter
1129 2083 1210 2160 pec·

129 2172 188 2231 cat
203 2213 212 2237 .
230 2162 259 2230 si
280 2187 353 2232 nou
374 2160 525 2245 obedit,
546 2175 582 2234 et
602 2163 878 2235 Matrimonium
895 2159 1090 2233 contrahit.

179 2254 271 2329 Casu
286 2272 420 2347 antem,
435 2286 509 2358 quo
526 2260 623 2332 filius
641 2286 713 2331 non
742 2275 862 2355 posset
876 2260 955 2329 siue
973 2273 1122 2350 peccato
1139 2252 1212 2327 tale

129 2353 406 2430 Matrimonium
428 2357 547 2447 inire,
567 2357 698 2430 dicunt
717 2358 794 2431 DD.
821 2356 918 2456 quod
944 2354 992 2427 ad
1018 2350 1114 2427 illud
1137 2378 1213 2425 non

130 2452 339 2548 obligetur,
360 2457 502 2529 etilmsi
524 2483 609 2528 oum
635 2460 843 2555 juramento
862 2453 1045 2552 sponsalia
1064 2466 1215 2524 contra·

73 2582 80 2593 ·
133 2550 265 2639 xisset3
287 2555 399 2652 quia,
424 2579 509 2625 cum
533 2554 613 2626 haec
631 2552 824 2651 promissio
839 2566 933 2624 esset
946 2549 991 2623 de
1006 2577 1043 2623 re
1057 2550 1183 2623 illicita
1205 2602 1216 2635 ,

134 2651 382 2743 jurameutum
397 2677 471 2723 non
490 2667 604 2750 potest
619 2676 695 2723 esse
711 2649 902 2724 vinculum
918 2650 1121 2735 iniquitatis
1141 2675 1150 2734 3
1168 2650 1220 2721 ita

123 2743 321 2818 Rebellius
340 2773 376 2846 p.
400 2748 462 2820 al.
481 2775 500 2820 a
518 2774 580 2847 qu.
606 2753 647 2841 ¹4
666 2763 742 2820 sect
775 2774 786 2820 ι
808 2775 911 2819 num.
927 2771 960 2844 9.
977 2748 1119 2846 Pignat'.
1135 2761 1163 2817 t:
1182 2747 1220 2838 d.

136 2843 249 2915 Cons.
269 2868 304 2916 ir
324 2872 361 2916 n.
383 2872 410 2918 t.
428 2845 539 2917 Salm.
560 2860 602 2917 tr.
663 2872 696 2918 c.
718 2872 791 2917 an.
810 2846 868 2918 85.
885 2846 984 2917 Bosa.
1004 2870 1036 2917 c.
1061 2871 1095 2915 tr
1122 2840 1221 2940 u.93

136 2966 222 3013 cum
240 2943 409 3015 Menoch.
427 2942 604 3015 item⁴Car
636 3000 642 3012 .
665 2942 709 3015 de
723 2945 897 3025 Laurea,
919 2941 1009 3015 Gab.
1033 2946 1051 3012 i
1072 2944 1113 3013 S.
1129 2939 1224 3012 Viu-

138 3055 233 3112 cent.
255 3056 291 3112 et
314 3044 466 3140 Opatov.
485 3040 788 3137 apudMazzoch.
807 3068 842 3137 p.
860 3062 908 3138 9⁰
928 3040 967 3110 iu
987 3040 1048 3113 cit.
1065 3039 1160 3115 Dios.
1180 3062 1226 3112 ex

140 3162 174 3208 c.
187 3137 334 3230 Quanto
354 3138 423 3223 ,de
437 3140 598 3239 Jurejur.
620 3138 682 3212 ubi
705 3168 714 3209 ε
735 3139 982 3211 loramentum
985 3137 1110 3233 suz’sse
1123 3135 1225 3208 illt'ci-

140 3249 235 3318 tum,
253 3252 289 3308 et
303 3238 503 3310 nudatemls
520 3238 772 3309 observandum
787 3251 851 3307 etc.
871 3237 921 3309 Et
934 3232 1067 3307 clarius
1082 3260 1124 3307 ea
1140 3235 1226 3307 Res-

142 3356 260 3430 ponso
275 3335 474 3408 Alexandri
488 3335 535 3408 ΙΙ.
558 3334 659 3435 apud
671 3331 797 3405 eumd.
814 3334 969 3406 Maurae.
987 3359 1023 3431 p.
1037 3356 1087 3430 99
1102 3360 1138 3402 n.
1161 3330 1228 3407 186

143 3429 209 3501 ubi
221 3431 396 3504 Peccator
409 3434 473 3505 iste
487 3450 629 3506 notatur
637 3431 803 3529 peponi),
821 3431 914 3530 qum,
934 3432 1031 3529 quod
1044 3429 1228 3502 observare

139 3528 300 3623 legaliter
315 3555 386 3599 non
399 3532 511 3619 potuit
521 3531 598 3601 sine
609 3530 738 3617 judicio
745 3547 930 3625 parentum
945 3583 954 3613 ,
973 3530 1102 3599 temer&
1112 3526 1230 3616 jurare

141 3624 374 3723 praesumpsit.
388 3627 434 3698 Et
457 3629 506 3701 ait
519 3630 565 3701 D.
585 3628 656 3699 Th.
679 3653 700 3699 a
720 3652 741 3698 2
761 3653 798 3726 q.
814 3628 862 3725 98
876 3653 907 3700 a.
933 3652 946 3698 t
966 3626 1025 3698 ad.
1052 3650 1082 3696 1.
1098 3625 1138 3696 id
1152 3645 1231 3695 esse

146 3748 272 3795 rerum
291 3726 516 3822 perjurium,
536 3723 668 3825 nempe
688 3730 812 3823 iurare
831 3723 1005 3796 illicitum
1024 3750 1033 3791 τ
1085 3746 1232 3793 uocum·

145 3821 312 3920 queenim
325 3823 430 3893 modo
439 3820 620 3920 quz‘sjurut
630 3821 793 3913 alludam,
802 3847 852 3892 ea
865 3820 934 3893 hoc
951 3820 1027 3916 ipso
1060 3818 1235 3890 alsziutem

147 3918 299 4008 insumi,
321 3920 405 4033 pulc
421 3920 591 4020 obligatus
608 3935 663 3991 est
677 3918 822 4006 adhoc,
840 3919 936 4017 quod
947 3913 1236 4010 eontrariumfo·

135 4014 231 4085 -ciat
248 4017 402 4118 Hocque
419 4043 545 4091 rerum
561 4041 637 4093 esse
656 4016 787 4091 dicunt
804 4015 926 4091 Tolet.
947 4014 1061 4107 l·1l.⁰·
1080 4039 1125 4085 aa
1141 4038 1179 4087 u.
1201 4038 1238 4089 a.

135 4109 287 4198 ..Sorech
308 4118 338 4192 1.
360 4114 373 4195 i
393 4117 439 4203 D.
454 4115 509 4224 βξ
528 4144 564 4194 n.
596 4142 614 4192 ι
639 4140 726 4194 cum
749 4113 958 4221 abug-cor.
986 4126 1023 4191 et
1042 4108 1132 4193 dot.
1151 4111 1241 4205 itetu
