2917 4709
264 199 313 296 '56
375 206 449 277 Lib.
467 207 526 275 vl.
543 207 651 279 Troot.
667 207 727 277 1v.
746 206 795 276 ne
812 204 1015 276 sacramento
1028 204 1238 286 Poenitenrire.

269 317 391 394 olesioe
409 322 724 396 consuetudinem.
742 321 813 394 Alii
835 318 946 407 verb,
967 332 1007 392 ul
1024 320 1125 393 Suos.
1146 317 1185 391 d.
1208 316 1249 389 31
1273 340 1303 388 s.
1326 338 1345 389 r

239 427 241 430 ’
268 441 307 490 ιι.
331 443 382 491 ιο.
400 419 489 494 Nar.
505 447 539 492 c.
562 445 610 517 29
625 446 660 491 n.
678 420 705 494 6
723 420 899 517 esbsym.
923 418 950 492 l.
967 419 1031 491 cil.
1048 442 1135 491 oum
1149 414 1312 489 Adriano
1333 465 1352 501 ,

261 515 422 614 ¹sylvest.
441 534 476 590 et
498 520 599 591 Cano
617 535 750 615 negant
773 517 867 590 hano
887 515 1215 601 consuetudinem,
1229 528 1267 586 et
1283 509 1348 583 di-

270 627 363 687 cunt
385 615 424 688 id
453 615 597 691 tantbm
625 617 735 690 licere
761 614 799 688 in
830 640 915 688 caso
946 614 1062 713 gror‘n
1089 611 1350 698 necessitatis.

271 729 360 813 puto
388 715 418 786 si
445 714 619 814 Superior
641 740 716 789 non
745 728 867 814 posset
893 737 931 785 se
950 712 1120 811 expedire
1145 710 1192 784 ob
1220 710 1349 808 aliquo

271 812 481 911 gravissimo
502 817 667 912 negotio,
684 830 718 886 el
738 828 885 898 conns,
908 813 1153 884 necessarium
1168 806 1350 905 judicaret

271 910 513 1010 personaliter
532 914 659 986 audire
676 926 869 1012 peccalum
890 925 1119 983 reservatum.
1142 907 1259 1002 quue
1279 902 1350 976 od·

271 1008 424 1084 mittunt
438 1009 541 1104 Lugo
559 1008 598 1083 d.
619 1035 663 1082 ιο
677 1037 715 1083 n.
738 1011 796 1109 78.
814 1008 930 1080 salm.
950 1034 982 1081 c.
1004 1009 1027 1078 8
1046 1035 1111 1082 ιιιι.
1140 1006 1219 1097 ι34.
1238 1002 1355 1076 croix

273 1105 361 1180 dict.
379 1133 417 1182 n.
441 1110 529 1203 ιι54
544 1126 580 1183 et
593 1107 667 1183 Pol.
681 1135 718 1208 p.
745 1109 785 1181 15
801 1105 821 1202 §
840 1107 861 1179 5
880 1132 916 1178 n.
935 1108 1055 1179 3‘cum
1069 1107 1182 1201 Vosq.
1201 1116 1240 1175 et
1254 1101 1353 1174 Con.

272 1203 343 1277 Sed
367 1206 405 1276 in
428 1232 514 1281 casu
539 1209 745 1295 rarissimo,
766 1203 917 1295 addito,
936 1203 1039 1302 quod
1058 1203 1244 1304 poenitens
1255 1212 1354 1272 esset

273 1302 313 1374 in
340 1307 552 1378 necessitate
576 1301 873 1388 communicandi
889 1329 900 1386 ;
918 1318 955 1375 et
979 1301 1095 1375 nollet
1113 1301 1239 1373 eodem
1260 1321 1361 1395 peo-

272 1411 355 1475 oala
374 1398 429 1476 bis
448 1405 625 1478 confiteri.
646 1397 726 1477 Hoc
747 1402 919 1475 ultimun'r
945 1427 1017 1476 non
1038 1399 1185 1474 ridetur
1209 1400 1354 1494 impro-

274 1495 422 1586 babile,
445 1504 562 1599 posito
578 1529 663 1575 orsu
682 1528 766 1575 oum
783 1502 959 1576 omnibus
979 1491 1041 1573 bis
1054 1496 1361 1574 conditionibus:

275 1594 356 1667 vide
376 1598 473 1673 diota
492 1628 529 1674 n.
547 1601 617 1693 484
634 1616 671 1672 ιιι
686 1600 770 1695 487.

184 1725 190 1752 ι
218 1721 279 1801 396.
329 1723 348 1761 ι
371 1719 407 1796 9.
425 1697 498 1790 Qui
515 1707 532 1771 i
550 1697 743 1795 Superiore
760 1698 948 1772 absolutus
963 1712 1017 1771 ess
1033 1700 1051 1768 i
1068 1692 1268 1782 reservatis,
1287 1715 1357 1790 po·

276 1817 294 1860 ι
326 1805 394 1867 lest
418 1796 465 1871 ab
488 1797 624 1872 eisdem
649 1803 774 1893 posted
791 1796 930 1872 absolvi
953 1796 1118 1892 donorio
1139 1823 1149 1866 ι
1174 1793 1361 1892 quianon

278 1921 300 1962 ιι
328 1909 416 1966 sunt
431 1896 589 1996 ampliirs
609 1897 758 1969 materia
780 1897 979 1969 necessaris
995 1891 1256 1968 Confessionis.

326 2019 344 2054 ι
381 2017 433 2066 ιο.
453 1998 525 2087 Qui
548 1995 645 2068 bono
659 1994 731 2066 fide
748 1997 965 2080 confitetor,
981 1995 1145 2067 nesciens
1163 2013 1273 2063 soon
1289 2011 1358 2058 co·

277 2116 296 2153 o
326 2113 408 2161 sum
427 2117 503 2164 esse
519 2108 760 2179 reservatum,
776 2095 830 2164 rel
849 2092 1081 2166 Sacerdotem
1098 2112 1221 2161 carere
1241 2097 1360 2184 potes·

277 2214 299 2255 ιι
329 2201 400 2260 tote
423 2190 518 2262 circi·
543 2192 651 2264 illum
668 2246 676 2273 .
696 2190 814 2263 validis
839 2190 989 2293 quidem
1012 2186 1246 2272 absolvitur,
1267 2206 1359 2253 cum

278 2312 300 2353 ι)
325 2309 440 2366 onere
455 2304 576 2364 tomen
597 2289 856 2386 comparendi,
877 2291 993 2387 Praep.
1007 2287 1026 2322 ¹*
1047 2294 1061 2369 (
1081 2288 1185 2382 iuxtb
1199 2277 1360 2354 dicende

275 2410 300 2454 ιι
330 2382 356 2454 l.
377 2407 397 2482 7
418 2412 454 2460 n.
471 2397 533 2485 9'1.
551 2390 565 2483 )
582 2386 600 2423 ⁸
618 2386 791 2461 Similiter
809 2388 837 2458 si
846 2385 1101 2460 'confessarius
1119 2379 1361 2481 probabiliter

277 2510 305 2549 o
328 2482 446 2560 eredit
471 2511 546 2558 non
565 2485 641 2562 esse
664 2501 908 2572 reservatum,
932 2500 1008 2558 esto
1032 2486 1156 2574 rererb
1179 2479 1244 2566 sit,
1261 2475 1363 2549 volet

278 2605 299 2644 ι
328 2579 523 2658 absolutio.
536 2587 635 2658 Less.
651 2584 759 2657 Dion.
775 2614 813 2678 p.
831 2610 857 2682 9
871 2599 895 2658 t.
911 2608 936 2680 9
952 2608 1020 2656 res.
1037 2581 1138 2677 29⁰(
1156 2580 1249 2651 Cum
1264 2578 1364 2671 Lug.

260 2701 301 2750 ἰι
329 2678 462 2754 Dioost.
491 2696 524 2753 el
549 2684 660 2756 Salm.
686 2709 720 2758 o.
754 2686 795 2758 13
825 2709 861 2755 ιι.
891 2685 932 2774 ι4
954 2696 990 2754 et
1006 2695 1124 2777 potest
1147 2671 1358 2756 absolvere,

283 2799 303 2844 ιι
329 2775 470 2850 etidmsl
483 2778 619 2852 dubriam
632 2781 680 2853 sit
689 2779 884 2879 negativum
899 2807 911 2860 ‚⁰
929 2779 1004 2854 rr‘de
1016 2773 1163 2849 debendo
1177 2798 1212 2844 n.
1226 2773 1330 2862 δυο.)
1341 2769 1364 2808 ’

330 2896 348 2940 ι
384 2902 440 2952 ιι.
471 2878 750 2970 Qni'consrlens
778 2880 928 2955 habenti
961 2888 1175 2977 potestatem
1206 2868 1362 2944 ordina·

281 2997 302 3037 ι)
330 2974 443 3065 riam,
464 2976 741 3075 dele'gnlsmque
756 2981 795 3052 in
812 2992 1011 3062 reservata,
1028 2973 1164 3045 oblitus
1175 2983 1228 3041 est
1241 2967 1365 3045 incul-

281 3094 300 3132 ι)
332 3078 501 3171 pobiliter
522 3092 762 3158 reservatum,
780 3092 898 3177 potest
924 3072 1018 3146 illud
1044 3074 1167 3171 posted
1190 3065 1362 3141 confiteri

281 3192 302 3234 ι’
331 3179 438 3249 etibm
455 3172 617 3249 inferiori
635 3231 644 3259 ‚
665 3192 702 3248 et
722 3177 873 3256 absolvi.
897 3170 1008 3264 Quod
1031 3172 1139 3243 etibm
1158 3166 1272 3251 valet,
1290 3161 1367 3254 sal·

282 3287 301 3325 ¹
331 3271 406 3347 ιὲιιι
444 3277 474 3348 si
508 3280 608 3375 prior
641 3271 812 3348 babuerit
850 3268 1060 3371 potestatem
1096 3265 1359 3354 ordinariam,

285 3387 305 3428 ’θ
332 3375 473 3448 etib'msi
505 3380 607 3473 prior
642 3371 833 3464 sbsolulio'
855 3371 903 3444 ob
935 3366 1274 3460 indispositionem.
1303 3363 1362 3438 vel

286 3486 307 3527 o
333 3475 448 3546 olium
471 3472 657 3549 delectum
681 3472 892 3572 poenitenlis
915 3465 1073 3543 invalida
1097 3465 1231 3538 suisset.
1255 3460 1361 3535 Ratio

166 3578 172 3590 ’
275 3587 306 3653 ,d
333 3587 409 3658 est,
433 3577 516 3673 quin
543 3574 572 3646 is
595 3571 753 3644 intendit
775 3567 963 3642 absolvere
982 3626 991 3652 ,
1008 3562 1191 3665 qusntbm
1215 3558 1365 3657 potnit.

285 3697 304 3737 ι
334 3669 419 3768 ergo
437 3670 566 3745 ssllbm
584 3665 732 3744 sustulit
748 3669 1039 3748 reservationem,
1057 3660 1180 3764 qubsd
1194 3661 1273 3733 fieri
1294 3681 1366 3752 po·

285 3795 303 3835 0
334 3771 431 3858 sirit,
451 3769 590 3942 sbsfflue
607 3770 851 3844 sacramento.
872 3767 918 3839 V.
937 3767 1054 3860 Praep.
1074 3766 1113 3835 in
1131 3763 1153 3834 3
1176 3787 1211 3858 p.
1230 3784 1266 3856 q.
1284 3778 1310 3852 9
1325 3757 1364 3834 d

285 3878 307 3936 ἰι
334 3874 358 3963 4
376 3894 415 3943 ιι.
435 3867 492 3962 sd.
543 3881 672 3942 ιιοιι.
687 3865 709 3941 3
726 3866 762 3938 d.
778 3870 824 3942 80
843 3882 930 3939 sect.
948 3864 981 3939 3.
998 3863 1106 3938 Dian.
1124 3885 1160 3961 p.
1176 3864 1202 3953 4
1217 3869 1322 3929 trsot.
1341 3861 1366 3950 4

285 3979 308 4034 ι)
336 3992 406 4041 res.
429 3970 508 4061 ιι4.
536 3996 556 4034 ιι

308 4093 321 4138 .·
335 4065 533 4162 Qnoeritur.
547 4065 574 4142 l·
590 4065 649 4142 Αιι
661 4063 701 4138 in
715 4060 858 4166 ossibus
874 4058 994 4137 allatis
1008 4063 1027 4136 l
1042 4053 1212 4136 Bosemb.
1230 4048 1369 4152 nempl
