2917 4709
105 236 109 245 ’
217 253 282 324 ,σε
323 249 697 339 nortmannus
713 250 1007 329 exrema-nne..
1023 267 1056 319 er
1071 250 1209 319 osone.

219 366 330 447 catix,
344 380 382 436 et
399 381 538 461 patena.
554 367 603 436 Et
615 363 713 435 idem
723 376 987 460 consequenter
1001 361 1129 435 dicunt
1141 364 1295 460 Sporer,

219 478 256 534 et
271 461 400 535 Tamb.
422 462 461 533 ll.
480 488 534 535 cc.
558 463 588 533 si
604 461 768 534 tradatur
785 460 876 533 calix
896 486 981 533 cuin
997 461 1100 544 rino,
1120 476 1157 532 et
1174 458 1293 531 hostia

217 559 307 633 buic
324 560 487 639 immixta
506 559 560 631 rel
575 562 743 658 imposita
756 560 833 631 sine
846 574 988 658 patena.
1008 559 1096 630 Haec
1113 557 1293 631 sententia

216 664 339 732 reveri
354 659 493 730 ridetur
506 657 807 757 probabilissima.
819 656 890 730 Sed
904 660 952 728 La
967 657 1073 729 Croix
1083 657 1109 729 l.
1119 683 1152 731 c.
1163 656 1293 736 refert,

219 756 312 829 duos
325 759 403 831 ΠΙ).
416 761 435 827 ὲ
450 784 487 828 se
498 756 686 829 consultos
700 756 808 829 talem
821 755 1096 828 ordinationem
1113 755 1296 854 judicbsse
1377 785 1382 791 ·

219 854 369 927 dubiam
385 882 394 937 ;
415 869 450 926 et
465 854 562 927 idem
580 855 748 929 ridentur
763 855 911 927 sensisse
926 855 1091 926 Bussaeus
1109 870 1184 925 tom
1223 880 1245 923 t.
1257 875 1295 924 r.

217 953 320 1027 Ordo
333 981 368 1024 n,
391 977 412 1024 α
431 955 567 1026 etBon.
583 979 620 1052 p.
638 954 660 1027 3
677 980 714 1026 n.
742 980 777 1024 rr
798 953 860 1024 ubi
878 953 1068 1035 dixerunt,
1087 952 1199 1023 tutius
1216 975 1295 1022 esse

215 1051 383 1148 attritgere
400 1051 597 1123 immediate
612 1054 725 1145 ipsum
737 1067 906 1148 patenum
928 1066 963 1122 et
981 1049 1135 1121 hostiam
1152 1104 1160 1133 ,
1182 1046 1293 1145 juxld

213 1152 315 1221 rt'tum
328 1150 516 1235 Ecclesia,
536 1174 581 1218 oe
597 1148 817 1241 Ordinorrdus
829 1148 980 1246 periculo
999 1174 1038 1219 se
1053 1161 1294 1240 exportatnori

152 1295 157 1311 .
215 1246 406 1339 recipiendi
421 1246 578 1318 Ordines.
599 1248 745 1320 Etenim
766 1248 803 1319 in
825 1248 978 1320 Decreto
1003 1247 1158 1343 Eugeuii
1184 1243 1297 1340 assig-

216 1361 326 1417 netur
348 1370 413 1443 pro
441 1346 587 1419 materie
608 1344 880 1444 Presbyteratirs
905 1346 1001 1417 colle
1023 1372 1100 1415 curu
1130 1343 1231 1428 rino,
1260 1356 1300 1413 et

211 1460 431 1539 potenoctrm
442 1442 572 1517 hostrir.
582 1445 631 1516 Et
645 1448 680 1515 iu
695 1446 900 1517 pontificati
910 1442 1066 1515 dieitur.
1084 1443 1134 1512 Et
1144 1464 1296 1536 cuppam

215 1541 349 1629 calicis,
362 1542 1072 1641 etputerromrr'rntlllortgorrtQuapropter
1081 1541 1189 1612 Croix
1201 1536 1297 1611 ibid.

215 1642 297 1730 (cui
317 1638 476 1712 edhaeret
501 1642 608 1713 Mazz.
628 1655 653 1712 t.
678 1640 700 1711 3
721 1667 760 1740 p.
779 1666 858 1739 229.
876 1666 908 1710 v.
927 1643 1045 1732 Quaer.
1067 1644 1110 1732 2)
1130 1662 1204 1708 non
1223 1638 1294 1709 im·

213 1736 346 1810 meriti)
364 1737 452 1808 dicit
470 1737 681 1813 consultum
694 1763 793 1828 esse,
816 1754 856 1810 ut
873 1738 953 1810 talis
969 1736 1161 1809 Ordinatio
1183 1760 1295 1831 repe·

214 1847 313 1907 tatur
331 1834 401 1907 sub
425 1834 656 1928 conditione,
675 1838 837 1935 quemvis
860 1838 957 1908 enim
977 1841 1094 1934 prima
1114 1834 1297 1907 sententis

213 1932 291 2007 ferb
306 1950 401 2007 certa
414 1933 598 2016 videatur,
619 1954 741 2007 tumen
754 1938 856 2034 Lugo
870 1937 1043 2032 Respons.
1061 1958 1156 2004 mor.
1175 1929 1239 2004 lib.
1260 1958 1296 2007 t.

215 2030 306 2106 dub.
328 2059 340 2105 r
362 2030 549 2130 loquendo
565 2033 611 2106 de
623 2035 855 2106 sacramento
872 2032 1067 2131 Baptismi,
1084 2034 1130 2103 sit
1147 2031 1215 2102 eit:
1235 2029 1295 2099 Lt-

213 2142 271 2199 cet
284 2131 457 2201 sententia
474 2155 608 2227 negans
624 2133 773 2203 valorem
789 2130 1012 2203 Sacrameotl
1021 2154 1092 2201 nort
1110 2129 1296 2200 estimetur

210 2225 420 2322 probabilis,
436 2224 945 2321 nibilomimlssoretsrffciens
957 2225 1295 2300 motr'rumreitrron·

213 2323 274 2413 di,
299 2323 381 2424 quio
401 2324 588 2421 prudenter
607 2324 802 2411 formidare
820 2351 1035 2423 possumus,
1057 2350 1103 2396 ne
1111 2320 1215 2419 siml
1247 2322 1297 2396 sit

207 2419 406 2518 probabile,
423 2424 520 2521 quod
533 2424 579 2496 sit
592 2424 777 2495 invalidum
794 2481 804 2515 ‚
823 2439 887 2497 out
900 2423 1023 2496 saltem
1043 2449 1090 2494 rre
1106 2422 1296 2494 accedente

205 2517 340 2614 Jirdr'cro
351 2519 500 2613 plortirm
513 2522 597 2595 DD.
615 2523 655 2592 id
665 2548 829 2594 successu
844 2520 1010 2616 temporis
1019 2521 1091 2613 fiat
1100 2518 1292 2616 probabile.

211 2621 335 2715 Atque
358 2618 408 2690 ib.
429 2616 517 2690 dub.
541 2619 586 2692 33
612 2635 770 2693 tractans
792 2619 840 2691 de
861 2619 1095 2692 Sacramento
1115 2617 1293 2707 Ordinis,

212 2714 311 2789 idem
323 2717 464 2799 asserit,
480 2712 649 2806 dicendo,
660 2718 773 2817 quod,
790 2733 866 2790 esto
879 2717 959 2816 quis
975 2719 1159 2815 quiescere
1172 2730 1297 2814 posset

211 2815 249 2888 in
263 2815 378 2911 prime
388 2813 956 2916 Ordinationepropteraliquam
968 2816 1185 2888 sententiam
1194 2815 1309 2897 aesti·‚

211 2932 346 2985 matam
363 2912 550 3001 moraliter
568 2928 717 3005 certum,
733 2930 853 2988 tamen
870 2902 1000 2987 norisit
1018 2927 1245 3015 peccaturus,
1260 2910 1295 2983 si

210 3024 330 3082 stante
350 3013 530 3085 seutentifi
542 3019 715 3113 opposita
736 3013 892 3086 aliorum
906 3039 973 3111 pro
989 3010 1157 3085 nullitate
1169 3010 1294 3082 Sacra·

209 3109 344 3197 menti,
359 3111 409 3181 ad
421 3108 588 3204 malorem
601 3111 715 3183 enimi
725 3112 873 3208 quietem
886 3110 1006 3181 tlenlm
1019 3110 1084 3201 sub
1098 3107 1294 3181 coudrlroue

209 3204 403 3291 ordinetur,
423 3209 520 3304 quod
536 3208 639 3278 etiaim
661 3210 859 3308 Episcopus
879 3208 970 3279 lteitl
993 3206 1029 3278 io
1046 3206 1196 3305 gretiam
1216 3204 1295 3295 epiro

203 3303 474 3401 poteritjoeere.
494 3306 540 3376 Et
559 3305 650 3377 ratio
665 3306 806 3379 ridetur
822 3330 919 3389 esse,
939 3305 1024 3403 quia
1037 3306 1116 3402 ipsa
1131 3304 1293 3376 anxietas

210 3400 257 3473 de
277 3399 411 3486 dubio,
432 3402 543 3476 modb
560 3406 606 3477 sit
623 3404 838 3487 vehemens,
858 3409 952 3503 juste
973 3419 1026 3475 est
1047 3429 1153 3497 cause
1175 3401 1294 3475 Ordi-

204 3501 393 3572 nationem
417 3500 488 3573 sub
514 3502 763 3581 conditionem
789 3501 954 3574 iterandi.
983 3503 1033 3574 Et
1057 3501 1158 3574 idem
1182 3501 1305 3572 sentit·

208 3596 361 3671 Croixn.
373 3600 466 3691 2145
480 3627 564 3673 oum
578 3600 733 3697 Gobato,
746 3601 884 3700 quierit,
896 3626 1001 3699 posse
1013 3591 1291 3693 Sacramentum

207 3699 381 3792 Baptisrni
399 3701 515 3771 iterari
531 3715 672 3794 propter
686 3700 824 3771 dubrirm
841 3724 916 3771 non
934 3697 1058 3798 apert&
1073 3724 1220 3770 vanum.

150 3795 199 3863 t⁵²
256 3795 371 3868 Dubit
393 3795 425 3867 3.
445 3802 502 3868 Au
521 3796 852 3895 ralidbordinetur
868 3795 1044 3869 Sacerdos
1060 3796 1125 3895 qui
1143 3792 1288 3867 tantitm

208 3893 360 3966 culicem
371 3910 407 3966 et
421 3911 586 3993 patenam
601 3896 733 3991 tangit,
748 3923 824 3968 non
838 3912 960 3967 autem
972 3894 1125 3967 hostiam
1138 3890 1153 3963 ,Ρ
1165 3894 1296 3963 Primo*

206 3996 383 4066 sententia
400 4011 523 4090 negat,
543 4010 579 4069 et
595 3993 690 4067 hunc
707 4009 834 4068 tenent
849 3993 985 4067 Hubert
998 4007 1022 4065 t.
1038 4018 1059 4088 7
1078 4017 1118 4091 p.
1141 4015 1206 4090 ¹7²
1221 3991 1292 4089 qui

204 4092 233 4183 4
249 4092 336 4169 item
354 4090 512 4171 Bruuius
522 4151 543 4188 ,
553 4110 662 4196 atque
682 4092 810 4177 Vellei.
833 4092 936 4195 apud
949 4090 1085 4180 Escob.
1104 4116 1144 4179 u.
1164 4093 1231 4167 188
1250 4100 1291 4209 ᾳ
