2917 4709
371 228 454 327 esp.
463 230 491 302 1.
502 231 591 302 Dub.
606 230 650 301 11.
668 232 718 302 De
731 208 952 326 spasmum.
986 314 989 319 Δ
1135 230 1203 324 387.

112 349 208 447 Aug.¹
227 360 263 424 et
289 347 448 445 Praepos.
477 371 520 421 ac
538 346 649 421 Salm.
674 373 759 420 cum
783 348 942 428 Aversa,
968 341 1089 418 Trull:
1111 345 1201 417 Cor·

113 453 224 546 nejo.
249 462 285 518 et
307 448 388 522 Die.
410 444 539 536 Ratio,
566 461 643 519 tum
662 446 771 544 quie,
791 472 876 518 oum
896 444 1053 541 adiectio
1078 468 1200 539 poenae

114 549 242 619 contri
258 549 352 644 juste
369 546 589 618 resitientem
605 548 651 617 sit
663 545 802 644 iniqua,
818 560 851 615 et
869 539 951 615 ideb
964 539 1104 637 illisus,
1123 569 1200 614 non

114 643 251 740 obligat
270 652 537 739 juramentum,
558 641 659 740 quod
678 669 750 727 uon
775 655 893 740 potest
911 665 988 713 esse
1005 638 1201 713 vinculum

115 742 335 842 iniquitatis:
350 757 426 813 tum
441 742 527 841 quis
543 745 601 840 jus
620 740 816 840 prohibens
831 738 1115 838 promissionem
1125 764 1212 837 poe·¹

113 865 174 913 noe
190 898 198 924 ,
216 867 291 913 nou
309 844 384 912 tam
400 839 680 940 promissionem
696 838 900 922 interdicit,
922 841 1033 937 quim
1051 836 1203 909 so'iutio·

112 962 218 1025 uem;
234 942 397 1011 nontam
411 939 510 1011 enim
527 938 729 1034 promissio,
744 934 1000 1036 qutmsolutio
1016 937 1206 1023 Matutino·-

114 1037 181 1122 nii,
198 1035 405 1109 libertatem
424 1035 539 1109 laedit.
552 1035 596 1110 In
615 1050 803 1109 contractu
818 1031 1079 1106 verbusurario
1102 1035 1203 1106 irrita

115 1149 169 1207 est
191 1135 400 1233 promissio,
421 1160 497 1206 non
524 1150 646 1207 autem
669 1133 803 1225 solutio
832 1157 1048 1220 usurarum,
1065 1146 1100 1205 et
1119 1129 1204 1204 ideo

115 1233 332 1332 promittens
348 1246 495 1305 tenetur
509 1231 554 1304 ad
571 1234 834 1330 juramentum.
1198 1318 1201 1323 Ι

162 1333 283 1423 Quaer.
304 1330 367 1403 ΙΙΙ.
395 1357 468 1415 au,
495 1330 527 1403 si
556 1354 664 1428 poeoa
694 1327 926 1429 sponsalibus
956 1328 1099 1423 adiecta
1123 1327 1205 1401 sol·

113 1441 244 1519 vetur,
262 1443 426 1502 teneatur
444 1429 623 1527 recipiens
636 1428 741 1501 illam
760 1431 964 1500 restituere.
981 1428 1104 1499 Pruna
1121 1454 1207 1511 sen·

115 1528 350 1619 tentionegat
364 1584 372 1612 ‚
388 1541 424 1600 et
440 1527 536 1601 hanc
556 1528 681 1599 te'uent
696 1526 830 1600 Sanch.
848 1528 874 1599 Ι.
898 1552 910 1599 ι
933 1526 969 1599 d.
988 1526 1032 1598 3r
1049 1552 1152 1600 num.
1170 1553 1205 1600 π.
1228 1613 1230 1617 ,

114 1626 216 1698 Less.
237 1651 270 1698 c.
299 1649 339 1723 17Ι
359 1651 395 1698 n.
421 1625 470 1698 56
490 1639 527 1698 et
544 1625 679 1700 Escob.
705 1650 742 1695 n.
770 1649 840 1721 292
864 1650 949 1697 eum
981 1623 1071 1698 Mol.
1090 1626 1206 1698 Henr.

116 1723 217 1820 Vega
233 1779 242 1811 ‚
258 1726 348 1822 Lop.
362 1736 431 1797 etc.
447 1725 550 1796 Ratio
567 1781 575 1805 ‚
591 1726 677 1824 quia
695 1727 775 1817 jura
793 1722 911 1794 solem
924 1720 1207 1821 promissionem

116 1822 286 1909 irritant,
312 1847 388 1894 non
415 1819 500 1894 verb
526 1820 758 1895 solutionem.
779 1820 826 1891 Et
846 1822 1066 1893 confirmant
1090 1849 1133 1894 ex
1154 1823 1209 1894 si‹

21 1987 23 1989 ,
117 1921 199 1993 miti
215 1976 224 2005 ,
241 1918 342 2019 quod
361 1945 482 2018 neque
502 1923 682 2021 recipiens
699 1921 891 2013 pecuniam
909 1921 1042 1993 victam
1058 1921 1096 1992 in
1114 1919 1227 2011 ludo!

116 2021 230 2091 vetito
256 2033 425 2092 teneatur
447 2018 667 2106 restituere,
703 2017 929 2090 licet'victus
954 2044 1029 2089 non
1058 2017 1209 2090 teneba-

119 2130 184 2190 tur
198 2143 279 2190 eam
295 2116 447 2191 solvere.
464 2116 624 2189 Secunda
642 2132 765 2188 tumen
781 2116 959 2187 sententie
982 2110 1210 2211 probabilior

120 2215 297 2300 affirmat,
321 2228 358 2288 et
375 2215 472 2290 hene
491 2228 615 2291 tenent
637 2213 748 2287 salin.
767 2240 799 2287 c.
831 2241 841 2285 ι
870 2241 905 2285 n.
939 2214 1004 2285 106
1020 2238 1104 2286 eum
1129 2215 1229 2313 Dic.¹

117 2314 222 2388 Boss.
244 2340 275 2386 e.
296 2340 330 2387 rr
351 2339 394 2386 ex
412 2340 450 2386 u.
472 2315 545 2411 449
564 2340 651 2386 cum
673 2313 777 2384 Hurt.
795 2311 899 2384 Gutt.
916 2322 952 2382 et
971 2312 1148 2385 Massard.
1167 2326 1210 2387 eo

120 2413 200 2488 Pal.
227 2441 260 2511 p.
277 2434 302 2509 9
319 2440 356 2484 n.
374 2437 399 2510 9
421 2438 506 2484 oum
529 2413 633 2496 soro,
658 2411 755 2485 Med.
775 2413 867 2506 Lop.
890 2424 959 2482 eto.
975 2409 1103 2499 Ratio,
1124 2412 1212 2510 quia

122 2511 308 2605 recipiens
326 2537 400 2583 non
419 2509 530 2582 habet
548 2509 700 2582 titulum
716 2507 921 2591 retinendi,
943 2534 1027 2579 cum
1049 2512 1106 2583 ‘us
1124 2535 1213 2582 om-

122 2607 216 2682 ninb
229 2608 341 2680 talem
383 2611 634 2682 somissionem
650 2606 789 2691 irritet,
809 2620 847 2678 ut
865 2620 964 2699 patet
981 2633 1023 2678 es
1057 2663 1065 2679 .
1085 2609 1146 2679 fin.
1166 2610 1214 2684 C.·

125 2705 173 2777 de
190 2731 313 2805 spons.
337 2638 399 2777 ubi
420 2705 576 2791 dieitur,
594 2706 696 2806 quod
720 2703 803 2776 talis
820 2703 977 2801 adjectio
994 2731 1140 2804 poenas,
1161 2696 1212 2778 ex

124 2819 376 2900 utraqueporte
386 2803 598 2895 nullastrires
609 2802 812 2875 haberium
824 2802 1004 2885 sitUndie,
1015 2802 1212 2880 deficiente

126 2900 248 2985 titulo,
264 2901 392 3001 nequit
408 2900 469 2973 ilie
486 2901 693 2974 dominium
707 2900 819 2973 soluti
833 2905 1032 3000 acquirere.
1047 2900 1124 2976 Nee
1139 2903 1212 2974 ob·
1338 2929 1350 2947 ..

124 3014 199 3074 stat
220 3002 355 3099 paritas
373 2998 454 3072 ludi
472 3025 481 3085 3
505 3026 589 3075 uem
605 2996 755 3072 ibiideb
776 2998 893 3071 victor
920 3000 1115 3098 pecuniam
1150 3026 1211 3073 re-

127 3101 267 3200 cipiens
278 3125 355 3171 non
367 3113 514 3172 tenetur
528 3103 743 3181 restituere,
764 3100 849 3195 quia
867 3112 1074 3171 contractus
1091 3124 1156 3196 per
1171 3126 1210 3174 se

128 3213 183 3270 est
201 3195 363 3286 validus,
382 3211 418 3270 et
445 3204 525 3295 jura
550 3195 695 3279 tantiam
720 3194 887 3296 praebent
911 3197 1091 3269 actionem
1112 3202 1210 3272 victo

128 3294 316 3392 repetendi
334 3295 523 3382 solutum,
548 3309 590 3368 ut
613 3293 772 3367 diximus
798 3293 824 3365 l.
855 3293 876 3365 3
904 3319 941 3366 n.
968 3298 1036 3394 887
1064 3323 1106 3369 ac
1126 3286 1211 3370 irieb

129 3407 249 3494 potest
262 3394 379 3493 ⁴'victor
396 3396 550 3468 retinere
567 3392 663 3467 iliud
680 3450 689 3477 ‚
706 3392 917 3491 usquedum
934 3392 970 3464 in
993 3393 1129 3490 judicio
1147 3422 1211 3468 re-

131 3505 289 3589 petatur.
315 3491 413 3565 Bene
436 3508 556 3567 tamen
578 3492 712 3568 Palaus
734 3517 818 3568 cum
845 3491 1000 3564 Guttier.
1027 3492 1124 3566 hone
1148 3520 1211 3565 se-

129 3590 293 3663 cundam
310 3591 525 3663 seutentiam
550 3591 703 3674 limitat,
728 3590 799 3662 nisi
824 3591 886 3687 qui
907 3588 1014 3662 solvit
1035 3617 1211 3691 poenam.

128 3693 202 3788 jam
226 3688 367 3761 noverit
388 3712 427 3759 se
446 3682 520 3759 nim
541 3712 617 3762 esse
637 3687 866 3788 obligatum
893 3691 976 3786 quia
1002 3704 1090 3762 tuno
1111 3686 1211 3763 reetb

130 3801 299 3863 censetur
319 3786 486 3859 donasse.
513 3783 555 3860 In
582 3785 695 3859 dubio
717 3802 839 3860 autem
862 3786 941 3859 haec
965 3785 1113 3858 donatio
1133 3814 1211 3861 nou

160 3885 389 3968 resumitur,
409 3899 450 3958 ut
468 3883 564 3959 recrt
583 3890 633 3958 ait
651 3888 753 3959 Boss.
778 3911 822 3959 ex
838 3886 939 3958 Gutt.
965 3911 1002 3958 n.
1020 3886 1091 3979 454
1111 3889 1214 3986 justit

130 3911 159 4060 i.
175 3986 381 4083 Campanus
399 4041 406 4065 ,
425 3981 465 4056 ff.
483 3984 595 4158 Oper.
612 3982 753 4059 liberat.

178 4082 328 4176 Querit.
346 4079 412 4162 IV.
439 4107 486 4159 an
535 4081 686 4160 ebeatur
705 4083 867 4185 legatum
888 4079 1056 4158 relietum
1078 4078 1213 4185 puella
