2917 4709
248 186 312 257 51'o
455 158 1087 262 Lis.i1.t'ract.v1.·1tematrimonio.

247 308 327 373 tant
339 295 425 372 verb
442 296 576 388 Sanclr.
594 328 697 375 num.
716 327 762 375 22
778 326 863 377 cum
875 302 1043 377 Ledesm.
1060 299 1182 375 Palae.
1196 296 1329 401 vega,

217 439 226 456 s
247 397 348 470 Man.
367 411 436 472 eto.
450 425 492 473 ac
509 401 635 499 Layns.
653 402 759 475 Aaor.
776 400 805 475 F
808 399 981 504 illapud
994 400 1098 475 Bosa·
1116 422 1146 474 c.
1168 426 1181 474 ι
1199 427 1237 474 ιι.
1259 405 1331 507 189

248 495 279 569 si
295 496 436 596 Coniux
457 506 563 572 sanus
580 496 665 572 antd
683 500 956 574 Matrimonium
978 503 1050 600 jam
1072 500 1214 573 noverit
1230 494 1329 570 alte·

248 593 325 666 rius
341 594 512 669 morbum
538 601 807 696 contagiosum3
834 599 918 697 quia
935 604 948 692 (
968 614 1007 672 ut
1033 598 1138 694 ajunt
1152 598 1168 695 )
1183 595 1221 668 in
1242 620 1331 669 om·

248 691 358 765 nibus
371 694 620 769 contractibus
634 752 643 784 ,
658 695 809 797 quandb
824 696 1004 795 detegitur
1015 695 1144 769 vitium
1161 696 1231 780 rei,
1248 716 1333 767 non

213 825 217 835 ·
248 791 370 864 minirs
387 788 598 893 obligantur
612 796 893 886 contrahentes,
914 798 1025 894 quam
1042 797 1071 867 si
1090 818 1147 867 res
1166 793 1250 865 vitio
1267 817 1332 865 ca·

249 894 357 967 reret.
367 891 436 963 Sed
452 894 583 977 merito
598 892 694 969 bano
708 893 962 971 limitationem
974 895 1147 990 rejiciunt
1161 890 1238 964 Pal.
1253 887 1279 961 l.
1292 916 1330 965 o.

240 992 285 1058 ‘et
302 989 396 1087 Aug.
415 1016 457 1063 ac
473 986 564 1064 Vill.
583 992 682 1091 apud
700 991 801 1066 Boas.
817 1019 855 1066 ιι.
882 997 967 1095 189,
990 995 1074 1091 quia
1090 1014 1215 1063 emens
1234 1013 1331 1078 rem,
1452 1032 1453 1049 ι

249 1110 361 1185 quam
381 1090 450 1162 'scit
467 1090 651 1178 vitiosam,
675 1088 772 1164 cedit
793 1096 874 1191 jure
890 1118 977 1181 suo,
997 1090 1084 1191 quia
1102 1085 1232 1162 cedere
1256 1112 1334 1182 po·

248 1196 342 1275 test;
360 1185 581 1286 sedlconjux
599 1191 663 1287 (ut
675 1189 857 1287 diximus)
871 1214 946 1264 non
962 1202 1083 1293 potest
1099 1184 1229 1260 cedere
1245 1187 1331 1284 jure
1454 1200 1455 1231 l

248 1274 432 1361 servande
448 1312 522 1359 suae
539 1287 678 1364 salutis.

298 1378 542 1459 probabiliter
567 1401 688 1459 temen
718 1387 853 1487 poterit
876 1384 1023 1487 Coniux
1049 1381 1202 1460 reddere
1223 1377 1333 1454 alteri

248 1478 409 1569 infecto,
432 1485 541 1557 etiam
565 1510 650 1558 eum
669 1483 833 1599 periculo
858 1483 954 1585 gravi
975 1483 1130 1586 propriae
1150 1479 1332 1554 sanitatis.
1456 1552 1457 1555 ,

248 1573 279 1647 l.
293 1578 329 1679 Si
344 1579 464 1678 proles
472 1582 520 1656 sit
530 1609 730 1657 necessaria
746 1583 793 1658 ad
806 1581 949 1657 bonum
958 1603 1178 1668 commune3
1193 1575 1332 1667 sanct.
1456 1584 1457 1611 ¹

238 1669 287 1746 ul.
303 1674 350 1753 Ι).
373 1681 420 1774 24
436 1707 472 1752 n.
496 1707 531 1755 ιι
551 1708 637 1755 oum
649 1681 827 1757 Ledesma
841 1736 849 1768 ,
863 1681 1012 1755 nemine
1029 1676 1331 1765 contradicente,
1455 1686 1456 1689 ’

249 1786 291 1844 ut
309 1778 450 1866 asserit,
461 1778 509 1853 11.·
525 1776 562 1853 Si
578 1780 722 1882 Coniunx
735 1778 902 1875 ,insectus
925 1795 1052 1878 petens
1072 1790 1165 1852 esset
1181 1775 1220 1849 in
1238 1798 1334 1874 pro·

153 1901 160 1913 ·
249 1867 368 1948 babili
392 1875 559 1975 periculo
581 1878 879 1967 incontinentiae,
906 1904 993 1955 nam
1016 1876 1104 1951 lieet
1126 1899 1237 1955 sanus
1259 1894 1332 1944 nec

248 1968 360 2045 etiam
379 1999 422 2047 eo
439 2000 527 2049 casn
542 1990 708 2051 teneatur
725 1974 991 2057 reddereoum,
1023 1971 1161 2049 ericulo
1175 1994 1252 2046 suae
1268 1995 1335 2052 sa,-
1370 2042 1374 2047 .

245 2069 375 2143 'nitatis
389 2128 405 2171 ,ι
421 2089 464 2147 ιιι
479 2074 610 2165 dicunt
627 2076 755 2177 Laym.
780 2103 812 2153 o.
833 2103 848 2179 .¹
873 2102 912 2149 ιι.
936 2075 972 2150 5.
987 2003 1093 2148 dont.
1116 2070 1145 2144 l.
1172 2095 1214 2143 ιο
1229 2095 1267 2142 ο.
1289 2066 1337 2161 ι4

245 2178 288 2243 ὀ.
316 2193 351 2243 2.
371 2172 573 2248 Sanch.'D.
600 2177 646 2269 24
666 2202 705 2248 o.
730 2171 783 2248 ια’.
811 2175 912 2248 Boas.
938 2199 975 2247 ιι.
1002 2174 1053 2246 oo
1094 2186 1131 2244 et
1154 2166 1224 2243 205
1244 2190 1335 2240 cum

248 2265 482 2368 Major.·lteg.
498 2270 630 2347 Cernit.
647 2287 683 2347 et
697 2272 789 2349 vill.
804 2299 847 2346 ao
861 2270 937 2346 Pal.
954 2298 994 2375 p.
1012 2268 1034 2346 5
1049 2174 1074 2364 b
1088 2294 1130 2344 ιο
1147 2292 1185 2342 ιι.
1198 2264 1226 2359 ‘d
1244 2270 1336 2339 curia

251 2365 344 2438 Con.
359 2370 373 2459 (
388 2372 520 2443 ⁴contro
539 2369 761 2459 Gaaned.
776 2387 812 2445 et
826 2368 956 2467 Rodr.)
972 2374 1053 2444 tuln
1073 2367 1158 2466 quia
1173 2361 1337 2439 charitas

245 2472 330 2536 'non
349 2464 488 2566 obligat
506 2485 710 2571 cum'tanto
731 2492 858 2554 onere,
877 2485 955 2543 tum
970 2471 1061 2568 *quia
1079 2465 1172 2538 alter
1188 2486 1264 2535 uon
1279 2476 1337 2534 est

252 2560 291 2635 in
304 2579 461 2638 extrema
477 2568 699 2659 necessitate,
720 2591 807 2643 cum
875 2568 939 2642 seit
953 2565 1058 2639 aliter
1071 2562 1141 2637 sibi
1157 2558 1336 2633 subveni-

247 2670 483 2751 're;attamen
494 2665 591 2739 licite
635 2680 728 2740 otest
742 2664 807 2745 red
836 2663 1035 2750 ereettele
1071 2658 1256 2749 erioulum
1269 2683 1335 2733 su·

246 2756 332 2834 bire
355 2784 397 2834 ex
422 2762 558 2857 motivo
584 2693 793 2857 ebaritatis,
811 2752 927 2866 quia,
948 2777 1026 2837 esto
1046 2691 1162 2855 bomo
1184 2782 1258 2829 nou
1283 2756 1336 2828 sit

255 2857 426 2933 dominus
448 2863 650 2953 saevitae,
673 2878 792 2960 potest
810 2878 930 2937 tamen
952 2875 1103 2963 propter
1117 2856 1336 2935 charitatem

254 2955 358 3033 illem
375 2956 579 3057 exponere,
596 2977 638 3034 ut
653 2962 763 3036 Pone.
774 2961 802 3055 l,
819 2989 853 3036 o.
867 2987 907 3035 ιι.
925 2962 948 3055 4
964 2977 1000 3035 et
1012 2985 1046 3034 c.
1061 2984 1133 3034 an.
1146 2979 1181 3056 7.
1195 2951 1335 3028 Sanob.

252 3082 294 3142 ιι.
323 3083 375 3130 12.
393 3058 481 3131 Bon.
501 3087 537 3158 q.
557 3062 580 3154 4
593 3086 629 3160 ρ.
653 3087 665 3132 ι
690 3086 794 3141 num.
815 3060 1088 3154 3etdetBoss
1104 3082 1142 3129 n.
1160 3055 1229 3153 294
1246 3077 1336 3126 eum

249 3153 381 3253 Major.
401 3154 492 3237 Vr'tl.
510 3159 601 3232 Con.
619 3159 778 3248 Aversa,
794 3158 835 3233 P.
855 3158 963 3242 Soto,
981 3156 1107 3255 Isaym.
1124 3150 1238 3227 Hurt.
1258 3151 1337 3224 Co-

252 3255 333 3327 mit.
349 3267 384 3324 et
397 3255 481 3353 Reg-
497 3255 562 3329 Ill.
576 3256 612 3328 si
628 3255 800 3331 redderet
812 3254 859 3329 ad
874 3253 1021 3329 vitanda
1037 3277 1169 3351 magna
1184 3245 1336 3323 dissidia

253 3348 312 3422 rel
336 3352 381 3422 ed
404 3349 603 3427 fovendum
630 3381 792 3430 amorem
816 3350 1047 3454 conjugalem
1072 3406 1081 3436 ‚
1103 3348 1268 3425 ct-etiam
1287 3343 1339 3418 ad

255 3447 447 3523 vitandum
471 3451 679 3551 pericolum
701 3454 980 3529 incontinentiae
1001 3448 1177 3551 proprias,
1191 3461 1228 3519 et
1242 3458 1336 3517 tunc

256 3564 377 3648 potest
399 3550 508 3624 etiem
530 3567 675 3651 petere3
730 3555 787 3625 uia
808 3538 933 3626 illatio
953 3547 1253 3633 incontinentiae,
1273 3554 1340 3614 aut

146 3724 151 3741 ‚
258 3649 483 3721 conservatio
508 3649 609 3761 pacis
626 3580 772 3727 tamdiu
792 3676 834 3724 ao
856 3651 991 3723 amoris
1013 3640 1339 3752 jugalis,preevalel

257 3743 472 3849 obligationi
491 3745 628 3823 vitandi
646 3746 851 3822 infectionis
869 3744 1088 3846 periculum.
1107 3726 1196 3818 llaec
1214 3754 1339 3811 lemen

258 3848 381 3919 omnia
399 3840 636 3943 intelligenda
651 3855 665 3945 (
683 3862 725 3921 ut
738 3845 895 3925 diximus
913 3871 951 3922 n.
971 3867 1056 3945 909.
1075 3843 1104 3915 si
1124 3832 1275 3915 morbus
1290 3837 1340 3927 sit

257 3944 455 4023 diuturnas
474 3944 515 4021 et‘
526 3948 632 4061 quasi
647 3943 867 4039 habitualis,
889 3959 931 4023 at
942 3944 1068 4046 lepra,
1084 3930 1236 4023 morbus
1254 3934 1339 4036 gat·
