2917 4709
232 266 298 351 458
446 278 518 349 Lib.
535 278 594 351 Vl.
609 279 717 349 Traet.
736 278 794 352 VI.
806 276 855 349 De
869 270 1089 350 llantnonta
1203 318 1210 347 t

232 394 308 466 6R.
332 417 365 466 α.
381 390 467 464 Fill.
489 406 591 466 treet.
619 416 658 466 ιο
676 416 711 465 c.
737 417 762 491 9
786 420 822 467 n.
837 394 923 487 343.
941 391 1081 466 Hubert
1099 406 1124 465 t.
1143 415 1164 487 7
1184 417 1223 493 p.
1239 394 1313 491 8η

233 512 296 591 qu.
312 493 334 584 tl
352 491 469 578 Diana
493 517 531 592 p.
553 490 671 586 3tr.4
686 493 727 565 tt.
750 494 830 589 295.
842 512 933 565 oum
948 492 1029 564 Val.
1043 508 1078 564 et
1090 489 1179 563 vitt.
1196 491 1313 565 Saltu.

234 612 265 662 e.
290 591 330 661 15
351 617 388 662 n.
407 590 466 682 46.
485 616 570 662 com
587 590 674 688 teg.
689 606 724 662 et
741 591 892 688 Henriq.
909 593 1096 688 bomani
1118 616 1156 661 n.
1175 591 1207 663 5.
1224 614 1313 668 cunt

231 688 339 761 Rodr.
358 691 467 761 Groix
482 687 506 760 l.
521 690 603 783 'ti-p.
619 690 640 760 3
654 714 692 761 n.
715 690 799 762 3022
817 715 903 762 eum
918 690 1021 761 Suar.
1041 691 1140 763 besa.
1158 688 1309 767 etBoss.

231 790 274 857 ae
301 786 441 865 Saneb..
467 787 492 860 Ι.
513 782 536 859 '2
557 789 601 859 D.
619 788 660 879 dr
686 804 790 861 num.
805 782 863 879 46.
880 812 965 860 oum
980 787 1068 861 Leti.
1082 786 1170 875 [top.
1189 787 1306 858 Banu.

230 884 380 957 Veracr.
407 899 443 957 et
460 882 692 986 probabilem
713 900 838 958 tenent
860 884 910 957 ib.
939 885 1085 973 Canus,
1115 885 1254 957 Victor.
1273 898 1310 956 et

232 982 392 1057 Manuel.
409 985 532 1066 Ratio,
548 983 635 1083 quia
648 985 712 1082 qni
729 984 1005 1058 Matrimonium
1020 983 1118 1057 bont
1133 980 1207 1083 lide
1223 1008 1312 1056 eon·

231 1083 363 1164 traxit,
392 1105 467 1155 non
497 1098 552 1154 est
570 1080 769 1179 privandus
793 1106 861 1153 sun
890 1085 989 1167 'nre‚
1018 1078 1121 1182 quod
1148 1081 1314 1181 possidet

132 1192 142 1231 -’
233 1179 392 1277 petendi,
405 1179 523 1252 eloneo
547 1190 689 1254 constet
708 1179 754 1253 de
774 1108 1060 1277 impedimentot
1082 1178 1172 1251 licet
1185 1182 1283 1252 enim
1300 1232 1312 1266 ,

230 1280 510 1375 superveniente
520 1276 650 1381 dubio.
660 1278 907 1378 suspendatur
922 1282 979 1378 lus
994 1278 1242 1377 possessionis,
1252 1304 1310 1350 us·

231 1377 393 1474 quedum
413 1382 543 1451 veritas
562 1379 797 1476 inquiratur,
819 1376 933 1450 dubio
951 1391 1073 1451 tamen
1096 1390 1316 1450 remanente

231 1488 314 1571 post
326 1474 569 1572 diligentiam,
587 1501 672 1550 curn
689 1476 891 1573 ignorantia
907 1478 953 1549 sit
966 1491 1054 1548 tune
1067 1473 1312 1564 invincibilis,

229 1587 354 1647 manet
367 1578 544 1674 possessio
558 1600 625 1673 pro
640 1575 763 1646 valore
776 1575 996 1647 Matrimonii
1011 1589 1069 1660 ‚et
1082 1598 1313 1674 consequen-

230 1687 285 1744 ter
304 1700 369 1771 pro
386 1671 485 1745 illius
503 1699 570 1745 usu
590 1699 599 1745 a
617 1697 802 1770 possessor
820 1673 921 1746 enim
945 1672 1053 1746 bonae
1080 1670 1185 1761 fidei,
1212 1670 1310 1747 sieitt

229 1784 313 1866 post
341 1770 569 1869 diligentiam
598 1785 722 1868 potest
746 1794 825 1843 rem
842 1772 1024 1861 retinere,
1041 1771 1094 1844 sio
1107 1776 1223 1843 'etiam
1242 1796 1312 1869 po-

156 1930 160 1947 ,
228 1881 298 1941 test
312 1867 373 1940 itta
383 1906 384 1909 ¹
394 1871 457 1942 uti.
471 1870 632 1969 Haecque
647 1870 737 1941 ratio
753 1868 846 1942 bene
860 1870 1097 1943 confirmatur
1109 1892 1159 1941 ex·
1170 1896 1202 1942 c.
1216 1871 1312 1941 Lau·

229 1964 390 2040 debilem
411 2025 421 2057 ‚
442 1964 488 2038 de
518 1966 636 2064 trtgtd.
654 1984 691 2041 et
710 1967 832 2041 malef.
854 1967 917 2040 ubi
933 1968 971 2038 in
991 1965 1106 2039 dnbio
1125 1964 1172 2040 tle
1187 1964 1336 2058 valore,

227 2060 616 2165 Matrimonii‚propter
627 2064 851 2149 dubietatem
863 2066 1087 2164 impotentia
1096 2068 1310 2164 Conlugum

229 2161 1135 2262 tdcopulam,conceditureisspatiumtrienniiad
1144 2163 1314 2237 debitum

229 2261 507 2362 petendumtin
535 2262 677 2336 tantitm
704 2261 812 2360 igitisr
840 2262 1059 2337 conceditur
1078 2263 1130 2336 eis
1160 2260 1311 2336 licentis
1361 2274 1367 2283 ”

230 2361 376 2461 petendi
395 2361 434 2435 in
451 2361 660 2445 talidubio‚
678 2362 716 2432 in
732 2359 913 2461 quantum
923 2362 1106 2462 Coniuges
1122 2358 1219 2434 bant
1235 2360 1311 2434 fide
1420 2420 1429 2433 .

230 2475 512 2551 contraxerunt,
532 2476 569 2531 et
592 2458 676 2557 ideb
701 2458 891 2555 possident
917 2466 973 2560 jus
998 2460 1169 2563 petendi,
1190 2458 1313 2534 donee

229 2583 297 2672 per
314 2562 606 2656 experimentum
621 2558 768 2632 triennii
781 2558 1320 2659 liatcertumimpedirnentum.

229 2657 466 2756 impotentiae.
481 2658 538 2731 Ad
556 2671 693 2734 testum
707 2673 834 2730 autem·
844 2661 996 2731 citatum
1012 2660 1048 2729 in
1059 2683 1090 2730 e.
1103 2656 1320 2757 Inquisitio*

229 2756 280 2842 ni,
291 2757 510 2855 praefanti.
524 2755 781 2856 multipliciter
792 2755 1014 2853 respondent
1029 2784 1038 2825 a
1051 2757 1155 2854 Lugo
1171 2750 1218 2826 de
1227 2754 1309 2828 Jns.

228 2855 275 2927 D.
301 2881 339 2952 ¹7
353 2882 389 2929 n.
407 2855 465 2928 88.
482 2854 584 2942 dicit,
602 2854 703 2956 quod
720 2850 887 2927 Pontifex
900 2853 952 2927 ibi
966 2854 1138 2953 loquatur
1157 2852 1204 2927 de
1221 2876 1309 2931 essu

230 2978 305 3049 qno
319 2954 463 3050 Coniux
483 2952 617 3028 habeat
632 2952 929 3056 probabilitatem
949 2952 1092 3027 tentiam
1116 2952 1163 3025 de
1179 2948 1311 3025 invali-

230 3052 341 3125 ditate
370 3052 616 3140 Matrimonii,
636 3068 673 3125 et
700 3051 851 3125 nullam⁴
874 3077 940 3151 pro
968 3042 1100 3126 valore.
1126 3048 1198 3127 atii
1219 3048 1309 3123 verb

230 3149 462 3224 communius
484 3164 519 3221 et
534 3150 668 3222 rectius
686 3207 697 3236 ,
716 3166 757 3222 ut
772 3152 879 3223 Sotus
898 3150 921 3221 l.
941 3175 973 3222 c.
992 3149 1124 3222 Sonch.
1144 3164 1180 3221 n.
1199 3148 1309 3223 titos

227 3248 306 3322 Pal.
329 3275 366 3320 n.
386 3246 421 3318 6.
443 3271 529 3320 enm
548 3238 707 3322 Coninlr.
725 3249 953 3345 respondent
965 3304 975 3337 ,
989 3246 1097 3347 'quud
1109 3262 1230 3321 textus
1245 3248 1309 3319 in-

228 3345 451 3445 telligendus
462 3349 507 3419 sit
522 3361 643 3419 vetare
658 3348 869 3445 petitionem
882 3402 891 3428 ,
905 3352 1102 3446 antequem
1119 3344 1309 3443 diligentia

230 3446 449 3518 adhibeatur
466 3473 475 3532 3
495 3444 599 3520 secius
615 3445 702 3518 verb
723 3458 804 3544 post
817 3445 1075 3540 deligentiam3
1095 3458 1184 3519 tutto
1217 3443 1318 3517 enim

224 3552 241 3640 (
253 3559 292 3617 ut
315 3548 424 3644 supra
447 3544 683 3642 jamdictum
713 3558 768 3617 est
782 3549 797 3634 )
811 3544 955 3644 Conjux
969 3556 1093 3617 manet
1106 3545 1144 3615 in
1165 3566 1310 3643 posses·

119 3682 123 3703 .
228 3646 330 3716 sione
348 3644 406 3715 sui
432 3646 546 3739 juris,
573 3642 734 3742 practice
763 3642 931 3744 deposito
954 3640 1071 3716 dnbio
1090 3666 1158 3740 per
1173 3640 1310 3740 princi·

227 3744 332 3843 pium
349 3741 444 3814 illud
468 3743 664 3829 reflexum,
685 3741 785 3841 quod
806 3743 843 3814 in
864 3739 980 3814 dubio
994 3740 1189 3814 melior²sit
1217 3764 1312 3810 eon-

229 3840 319 3913 ‹litio
341 3840 571 3940 possidentis.
597 3843 782 3915 Etreverd
805 3837 1111 3929 textus,dicendo'
1121 3864 1195 3911 non
1205 3860 1317 3939 posse

220 3940 430 4036 Contingent
454 3943 663 4033 opinantem
682 3948 824 4033 petere,
845 3941 1036 4039 supponit,
1047 3960 1136 4010 eum
1153 3960 1228 4009 non
1243 3934 1308 4007 td‹

227 4037 303 4112 hiae
312 4037 388 4119 sibi
404 4039 613 4117 efformatae
632 4037 819 4139 tudinium,
828 4036 1037 4141 praetiosus
1050 4036 1312 4137 eonscientise,
