<?xml version="1.0" encoding="UTF-8"?>
<!DOCTYPE html PUBLIC "-//W3C//DTD XHTML 1.0 Transitional//EN"
    "http://www.w3.org/TR/xhtml1/DTD/xhtml1-transitional.dtd">
<html xmlns="http://www.w3.org/1999/xhtml" xml:lang="en" lang="en">
 <head>
  <title>
</title>
<meta http-equiv="Content-Type" content="text/html;charset=utf-8" />
  <meta name='ocr-system' content='tesseract 3.04.00' />
  <meta name='ocr-capabilities' content='ocr_page ocr_carea ocr_par ocr_line ocrx_word'/>
</head>
<body>
  <div class='ocr_page' id='page_1' title='image "./theologiamorali05ligugoog_0264.png"; bbox 0 0 2917 4709; ppageno 0'>
   <div class='ocr_carea' id='block_1_1' title="bbox 236 185 1304 293">
    <p class='ocr_par' dir='ltr' id='par_1_1' title="bbox 236 185 1304 293">
     <span class='ocr_line' id='line_1_1' title="bbox 236 185 1304 293; baseline -0.005 -36"><span class='ocrx_word' id='word_1_1' title='bbox 236 189 302 293; x_wconf 64' lang='grc' dir='ltr'><strong>Ι250</strong></span> <span class='ocrx_word' id='word_1_2' title='bbox 344 187 417 255; x_wconf 87' lang='lat' dir='ltr'><strong>Lib.</strong></span> <span class='ocrx_word' id='word_1_3' title='bbox 433 186 492 258; x_wconf 81' lang='lat' dir='ltr'><strong>lv.</strong></span> <span class='ocrx_word' id='word_1_4' title='bbox 509 187 616 256; x_wconf 83' lang='lat' dir='ltr'><strong>Tract.</strong></span> <span class='ocrx_word' id='word_1_5' title='bbox 632 187 676 255; x_wconf 84' lang='lat' dir='ltr'><strong>V.</strong></span> <span class='ocrx_word' id='word_1_6' title='bbox 691 187 741 255; x_wconf 86' lang='lat' dir='ltr'><strong>De</strong></span> <span class='ocrx_word' id='word_1_7' title='bbox 754 186 1040 275; x_wconf 78' lang='lat' dir='ltr'><strong>Extrema-Unct,</strong></span> <span class='ocrx_word' id='word_1_8' title='bbox 1051 185 1229 255; x_wconf 82' lang='lat' dir='ltr'><strong>etOrdine.</strong></span> <span class='ocrx_word' id='word_1_9' title='bbox 1300 266 1304 269; x_wconf 34' lang='grc'><strong>,</strong></span> 
     </span>
    </p>
   </div>
   <div class='ocr_carea' id='block_1_2' title="bbox 149 298 1406 4141">
    <p class='ocr_par' dir='ltr' id='par_1_2' title="bbox 235 298 1319 794">
     <span class='ocr_line' id='line_1_2' title="bbox 236 298 1319 401; baseline -0.001 -29"><span class='ocrx_word' id='word_1_10' title='bbox 236 301 400 373; x_wconf 82' lang='lat' dir='ltr'><strong>Sanctum</strong></span> <span class='ocrx_word' id='word_1_11' title='bbox 418 359 427 391; x_wconf 90' lang='lat'><strong>‚</strong></span> <span class='ocrx_word' id='word_1_12' title='bbox 444 329 486 374; x_wconf 85' lang='lat' dir='ltr'><strong>ac</strong></span> <span class='ocrx_word' id='word_1_13' title='bbox 499 299 792 401; x_wconf 73' lang='lat' dir='ltr'><strong>proiaddfrustrd</strong></span> <span class='ocrx_word' id='word_1_14' title='bbox 812 299 1009 398; x_wconf 75' lang='lat' dir='ltr'><strong>Episcopus</strong></span> <span class='ocrx_word' id='word_1_15' title='bbox 1025 302 1137 373; x_wconf 81' lang='lat' dir='ltr'><em>dicere</em></span> <span class='ocrx_word' id='word_1_16' title='bbox 1157 330 1170 370; x_wconf 91' lang='lat'><strong>.·</strong></span> <span class='ocrx_word' id='word_1_17' title='bbox 1188 298 1319 392; x_wconf 78' lang='lat' dir='ltr'><em>Accipe</em></span> 
     </span>
     <span class='ocr_line' id='line_1_3' title="bbox 235 394 1318 497; baseline -0.005 -26"><span class='ocrx_word' id='word_1_18' title='bbox 235 399 399 493; x_wconf 70' lang='lat' dir='ltr'><strong>¹Spiritum</strong></span> <span class='ocrx_word' id='word_1_19' title='bbox 424 398 588 472; x_wconf 81' lang='lat' dir='ltr'><strong>Sanctum</strong></span> <span class='ocrx_word' id='word_1_20' title='bbox 597 452 704 472; x_wconf 86' lang='grc'><strong>.....</strong></span> <span class='ocrx_word' id='word_1_21' title='bbox 737 397 930 470; x_wconf 80' lang='lat' dir='ltr'><strong>anathema</strong></span> <span class='ocrx_word' id='word_1_22' title='bbox 954 398 1010 474; x_wconf 85' lang='lat' dir='ltr'><strong>sit.</strong></span> <span class='ocrx_word' id='word_1_23' title='bbox 1040 397 1140 497; x_wconf 81' lang='lat' dir='ltr'><strong>Ergi)</strong></span> <span class='ocrx_word' id='word_1_24' title='bbox 1163 422 1250 470; x_wconf 89' lang='lat' dir='ltr'><strong>cum</strong></span> <span class='ocrx_word' id='word_1_25' title='bbox 1277 394 1318 467; x_wconf 90' lang='lat' dir='ltr'><strong>in</strong></span> 
     </span>
     <span class='ocr_line' id='line_1_4' title="bbox 236 492 1319 595; baseline -0.001 -29"><span class='ocrx_word' id='word_1_26' title='bbox 236 496 476 585; x_wconf 78' lang='lat' dir='ltr'><strong>ordinatione</strong></span> <span class='ocrx_word' id='word_1_27' title='bbox 509 498 660 571; x_wconf 86' lang='lat' dir='ltr'><strong>Diacoui</strong></span> <span class='ocrx_word' id='word_1_28' title='bbox 695 501 767 594; x_wconf 82' lang='lat' dir='ltr'><strong>jam</strong></span> <span class='ocrx_word' id='word_1_29' title='bbox 804 496 901 569; x_wconf 87' lang='lat' dir='ltr'><strong>dicat</strong></span> <span class='ocrx_word' id='word_1_30' title='bbox 925 497 1163 595; x_wconf 83' lang='lat' dir='ltr'><strong>Episcopus,</strong></span> <span class='ocrx_word' id='word_1_31' title='bbox 1196 492 1319 587; x_wconf 80' lang='lat' dir='ltr'><em>accipe</em></span> 
     </span>
     <span class='ocr_line' id='line_1_5' title="bbox 237 592 1314 690; baseline -0.004 -23"><span class='ocrx_word' id='word_1_32' title='bbox 237 595 399 689; x_wconf 80' lang='lat' dir='ltr'><strong>Spiritum</strong></span> <span class='ocrx_word' id='word_1_33' title='bbox 423 597 587 669; x_wconf 80' lang='lat' dir='ltr'><strong>Sanctum</strong></span> <span class='ocrx_word' id='word_1_34' title='bbox 615 611 679 668; x_wconf 86' lang='lat' dir='ltr'><strong>etc.</strong></span> <span class='ocrx_word' id='word_1_35' title='bbox 705 618 788 688; x_wconf 80' lang='lat' dir='ltr'><strong>rere</strong></span> <span class='ocrx_word' id='word_1_36' title='bbox 810 596 964 690; x_wconf 79' lang='lat' dir='ltr'>Spiritus</span> <span class='ocrx_word' id='word_1_37' title='bbox 988 597 1141 668; x_wconf 88' lang='lat' dir='ltr'><strong>Sanctus</strong></span> <span class='ocrx_word' id='word_1_38' title='bbox 1168 592 1278 665; x_wconf 83' lang='lat' dir='ltr'><strong>datur</strong></span> <span class='ocrx_word' id='word_1_39' title='bbox 1303 644 1314 682; x_wconf 86' lang='lat'><strong>,</strong></span> 
     </span>
     <span class='ocr_line' id='line_1_6' title="bbox 238 691 1113 794; baseline 0.001 -28"><span class='ocrx_word' id='word_1_40' title='bbox 238 706 276 766; x_wconf 87' lang='lat' dir='ltr'><strong>et</strong></span> <span class='ocrx_word' id='word_1_41' title='bbox 295 720 358 789; x_wconf 88' lang='lat' dir='ltr'><strong>per</strong></span> <span class='ocrx_word' id='word_1_42' title='bbox 371 719 601 794; x_wconf 88' lang='lat' dir='ltr'><strong>consequens</strong></span> <span class='ocrx_word' id='word_1_43' title='bbox 618 691 807 788; x_wconf 83' lang='lat' dir='ltr'><strong>consertor</strong></span> <span class='ocrx_word' id='word_1_44' title='bbox 822 694 1113 767; x_wconf 73' lang='lat' dir='ltr'><strong>Sacramentum.</strong></span> 
     </span>
    </p>

    <p class='ocr_par' dir='ltr' id='par_1_3' title="bbox 239 787 1326 1089">
     <span class='ocr_line' id='line_1_7' title="bbox 288 787 1322 890; baseline -0.002 -28"><span class='ocrx_word' id='word_1_45' title='bbox 288 792 453 865; x_wconf 85' lang='lat' dir='ltr'><strong>Secunda</strong></span> <span class='ocrx_word' id='word_1_46' title='bbox 472 806 592 865; x_wconf 87' lang='lat' dir='ltr'><strong>antem</strong></span> <span class='ocrx_word' id='word_1_47' title='bbox 615 817 696 887; x_wconf 88' lang='lat' dir='ltr'><strong>pars</strong></span> <span class='ocrx_word' id='word_1_48' title='bbox 714 789 868 889; x_wconf 72' lang='lat' dir='ltr'><strong>,nempe</strong></span> <span class='ocrx_word' id='word_1_49' title='bbox 882 790 985 890; x_wconf 89' lang='lat' dir='ltr'><strong>quod</strong></span> <span class='ocrx_word' id='word_1_50' title='bbox 998 792 1060 864; x_wconf 84' lang='lat' dir='ltr'><strong>alii</strong></span> <span class='ocrx_word' id='word_1_51' title='bbox 1078 791 1236 865; x_wconf 78' lang='lat' dir='ltr'><strong>Ordines</strong></span> <span class='ocrx_word' id='word_1_52' title='bbox 1253 787 1322 861; x_wconf 88' lang='lat' dir='ltr'><strong>mi·</strong></span> 
     </span>
     <span class='ocr_line' id='line_1_8' title="bbox 239 889 1326 986; baseline -0.003 -24"><span class='ocrx_word' id='word_1_53' title='bbox 239 915 371 978; x_wconf 79' lang='lat' dir='ltr'><strong>nores,</strong></span> <span class='ocrx_word' id='word_1_54' title='bbox 391 907 426 963; x_wconf 90' lang='lat' dir='ltr'><strong>et</strong></span> <span class='ocrx_word' id='word_1_55' title='bbox 450 889 739 963; x_wconf 69' lang='lat' dir='ltr'><strong>subdiaconatus</strong></span> <span class='ocrx_word' id='word_1_56' title='bbox 767 893 940 973; x_wconf 23' lang='lat' dir='ltr'><strong>non-sint</strong></span> <span class='ocrx_word' id='word_1_57' title='bbox 956 892 1188 963; x_wconf 80' lang='lat' dir='ltr'><strong>Sacramenta</strong></span> <span class='ocrx_word' id='word_1_58' title='bbox 1206 913 1326 986; x_wconf 81' lang='lat' dir='ltr'><strong>,pro-</strong></span> 
     </span>
     <span class='ocr_line' id='line_1_9' title="bbox 239 985 1322 1089; baseline -0.005 -28"><span class='ocrx_word' id='word_1_59' title='bbox 239 987 373 1071; x_wconf 81' lang='lat' dir='ltr'><strong>batur‚</strong></span> <span class='ocrx_word' id='word_1_60' title='bbox 401 988 486 1089; x_wconf 86' lang='lat' dir='ltr'><strong>qnia</strong></span> <span class='ocrx_word' id='word_1_61' title='bbox 512 987 653 1088; x_wconf 81' lang='lat' dir='ltr'><strong>probis</strong></span> <span class='ocrx_word' id='word_1_62' title='bbox 678 986 780 1060; x_wconf 85' lang='lat' dir='ltr'><strong>deest</strong></span> <span class='ocrx_word' id='word_1_63' title='bbox 797 989 968 1077; x_wconf 88' lang='lat' dir='ltr'><strong>materia,</strong></span> <span class='ocrx_word' id='word_1_64' title='bbox 993 1002 1030 1061; x_wconf 88' lang='lat' dir='ltr'><strong>et</strong></span> <span class='ocrx_word' id='word_1_65' title='bbox 1049 989 1166 1061; x_wconf 87' lang='lat' dir='ltr'><strong>forma</strong></span> <span class='ocrx_word' id='word_1_66' title='bbox 1190 985 1322 1057; x_wconf 87' lang='lat' dir='ltr'><strong>Sacra·</strong></span> 
     </span>
    </p>

    <p class='ocr_par' dir='ltr' id='par_1_4' title="bbox 149 1085 1329 1875">
     <span class='ocr_line' id='line_1_10' title="bbox 149 1085 1323 1187; baseline -0.004 -27"><span class='ocrx_word' id='word_1_67' title='bbox 149 1156 153 1160; x_wconf 86' lang='lat'><strong>.</strong></span> <span class='ocrx_word' id='word_1_68' title='bbox 237 1092 352 1160; x_wconf 89' lang='lat' dir='ltr'><strong>menti</strong></span> <span class='ocrx_word' id='word_1_69' title='bbox 372 1087 519 1161; x_wconf 80' lang='lat' dir='ltr'><strong>Ordinis</strong></span> <span class='ocrx_word' id='word_1_70' title='bbox 536 1112 544 1174; x_wconf 90' lang='grc'><strong>;</strong></span> <span class='ocrx_word' id='word_1_71' title='bbox 565 1086 662 1159; x_wconf 89' lang='lat' dir='ltr'><strong>deest</strong></span> <span class='ocrx_word' id='word_1_72' title='bbox 676 1085 830 1185; x_wconf 88' lang='lat' dir='ltr'><strong>quidem</strong></span> <span class='ocrx_word' id='word_1_73' title='bbox 845 1088 1014 1170; x_wconf 83' lang='lat' dir='ltr'><strong>materia,</strong></span> <span class='ocrx_word' id='word_1_74' title='bbox 1031 1088 1118 1187; x_wconf 87' lang='lat' dir='ltr'><strong>quia</strong></span> <span class='ocrx_word' id='word_1_75' title='bbox 1136 1087 1237 1157; x_wconf 82' lang='lat' dir='ltr'><strong>deest</strong></span> <span class='ocrx_word' id='word_1_76' title='bbox 1255 1085 1323 1156; x_wconf 90' lang='lat' dir='ltr'><strong>im·</strong></span> 
     </span>
     <span class='ocr_line' id='line_1_11' title="bbox 235 1183 1326 1286; baseline -0.007 -27"><span class='ocrx_word' id='word_1_77' title='bbox 235 1187 375 1286; x_wconf 60' lang='lat' dir='ltr'><strong>,positio</strong></span> <span class='ocrx_word' id='word_1_78' title='bbox 399 1211 600 1271; x_wconf 81' lang='lat' dir='ltr'><strong>manuum,</strong></span> <span class='ocrx_word' id='word_1_79' title='bbox 655 1210 709 1256; x_wconf 80' lang='lat' dir='ltr'><strong>nte</strong></span> <span class='ocrx_word' id='word_1_80' title='bbox 732 1200 786 1256; x_wconf 86' lang='lat' dir='ltr'><strong>est</strong></span> <span class='ocrx_word' id='word_1_81' title='bbox 802 1183 877 1257; x_wconf 88' lang='lat' dir='ltr'><strong>sola</strong></span> <span class='ocrx_word' id='word_1_82' title='bbox 898 1187 1047 1259; x_wconf 87' lang='lat' dir='ltr'><strong>materia</strong></span> <span class='ocrx_word' id='word_1_83' title='bbox 1066 1184 1177 1282; x_wconf 81' lang='lat' dir='ltr'><strong>hujus</strong></span> <span class='ocrx_word' id='word_1_84' title='bbox 1194 1184 1326 1256; x_wconf 86' lang='lat' dir='ltr'><strong>Sacra·</strong></span> 
     </span>
     <span class='ocr_line' id='line_1_12' title="bbox 239 1212 1328 1385; baseline -0.004 -30"><span class='ocrx_word' id='word_1_85' title='bbox 239 1288 353 1357; x_wconf 87' lang='lat' dir='ltr'><strong>menti</strong></span> <span class='ocrx_word' id='word_1_86' title='bbox 373 1312 380 1359; x_wconf 75' lang='grc' dir='ltr'><strong>ι</strong></span> <span class='ocrx_word' id='word_1_87' title='bbox 403 1288 501 1385; x_wconf 74' lang='lat' dir='ltr'><strong>juxta</strong></span> <span class='ocrx_word' id='word_1_88' title='bbox 518 1212 800 1384; x_wconf 73' lang='lat' dir='ltr'><strong>probalitiorem</strong></span> <span class='ocrx_word' id='word_1_89' title='bbox 819 1284 1054 1370; x_wconf 89' lang='lat' dir='ltr'><strong>seutentiam,</strong></span> <span class='ocrx_word' id='word_1_90' title='bbox 1073 1309 1183 1382; x_wconf 85' lang='lat' dir='ltr'><strong>quarn</strong></span> <span class='ocrx_word' id='word_1_91' title='bbox 1201 1280 1328 1364; x_wconf 82' lang='lat' dir='ltr'><strong>tenni-</strong></span> 
     </span>
     <span class='ocr_line' id='line_1_13' title="bbox 241 1379 1326 1482; baseline -0.005 -28"><span class='ocrx_word' id='word_1_92' title='bbox 241 1386 324 1455; x_wconf 86' lang='lat' dir='ltr'><strong>mus</strong></span> <span class='ocrx_word' id='word_1_93' title='bbox 343 1381 389 1455; x_wconf 87' lang='lat' dir='ltr'><strong>de</strong></span> <span class='ocrx_word' id='word_1_94' title='bbox 418 1383 574 1456; x_wconf 82' lang='lat' dir='ltr'><strong>Sacram.</strong></span> <span class='ocrx_word' id='word_1_95' title='bbox 599 1385 637 1455; x_wconf 90' lang='lat' dir='ltr'><strong>in</strong></span> <span class='ocrx_word' id='word_1_96' title='bbox 684 1407 742 1455; x_wconf 89' lang='lat' dir='ltr'><strong>en.</strong></span> <span class='ocrx_word' id='word_1_97' title='bbox 766 1408 802 1454; x_wconf 92' lang='lat' dir='ltr'><strong>n.</strong></span> <span class='ocrx_word' id='word_1_98' title='bbox 833 1409 872 1454; x_wconf 70' lang='grc' dir='ltr'><strong>ιι</strong></span> <span class='ocrx_word' id='word_1_99' title='bbox 894 1397 930 1454; x_wconf 91' lang='lat' dir='ltr'><strong>et</strong></span> <span class='ocrx_word' id='word_1_100' title='bbox 946 1382 1061 1457; x_wconf 82' lang='lat' dir='ltr'><strong>fusilis</strong></span> <span class='ocrx_word' id='word_1_101' title='bbox 1086 1379 1326 1482; x_wconf 85' lang='lat' dir='ltr'><strong>probabimus</strong></span> 
     </span>
     <span class='ocr_line' id='line_1_14' title="bbox 240 1476 1327 1579; baseline -0.006 -26"><span class='ocrx_word' id='word_1_102' title='bbox 240 1478 304 1555; x_wconf 82' lang='lat' dir='ltr'><strong>lrlc</strong></span> <span class='ocrx_word' id='word_1_103' title='bbox 331 1507 366 1553; x_wconf 93' lang='lat' dir='ltr'><strong>n.</strong></span> <span class='ocrx_word' id='word_1_104' title='bbox 392 1483 475 1579; x_wconf 65' lang='lat'><strong>749.</strong></span> <span class='ocrx_word' id='word_1_105' title='bbox 496 1487 566 1574; x_wconf 82' lang='lat' dir='ltr'><strong>Qu.</strong></span> <span class='ocrx_word' id='word_1_106' title='bbox 589 1476 653 1554; x_wconf 91' lang='lat' dir='ltr'><strong>Ill.</strong></span> <span class='ocrx_word' id='word_1_107' title='bbox 706 1495 779 1552; x_wconf 84' lang='lat' dir='ltr'><strong>esst</strong></span> <span class='ocrx_word' id='word_1_108' title='bbox 805 1483 912 1551; x_wconf 77' lang='lat' dir='ltr'><strong>etiam</strong></span> <span class='ocrx_word' id='word_1_109' title='bbox 935 1481 1050 1553; x_wconf 87' lang='lat' dir='ltr'><strong>forma</strong></span> <span class='ocrx_word' id='word_1_110' title='bbox 1070 1480 1327 1566; x_wconf 88' lang='lat' dir='ltr'><strong>Sacramenti;</strong></span> 
     </span>
     <span class='ocr_line' id='line_1_15' title="bbox 240 1576 1328 1675; baseline -0.006 -22"><span class='ocrx_word' id='word_1_111' title='bbox 240 1580 279 1653; x_wconf 89' lang='lat' dir='ltr'><strong>iu</strong></span> <span class='ocrx_word' id='word_1_112' title='bbox 296 1578 427 1653; x_wconf 90' lang='lat' dir='ltr'><strong>horum</strong></span> <span class='ocrx_word' id='word_1_113' title='bbox 442 1581 541 1653; x_wconf 89' lang='lat' dir='ltr'><strong>enim</strong></span> <span class='ocrx_word' id='word_1_114' title='bbox 556 1579 739 1675; x_wconf 90' lang='lat' dir='ltr'><strong>Ordinum</strong></span> <span class='ocrx_word' id='word_1_115' title='bbox 755 1579 953 1653; x_wconf 85' lang='lat' dir='ltr'><strong>collatione</strong></span> <span class='ocrx_word' id='word_1_116' title='bbox 969 1577 1074 1651; x_wconf 86' lang='lat' dir='ltr'><strong>nulla</strong></span> <span class='ocrx_word' id='word_1_117' title='bbox 1087 1576 1189 1651; x_wconf 86' lang='lat' dir='ltr'><strong>adest</strong></span> <span class='ocrx_word' id='word_1_118' title='bbox 1209 1577 1328 1649; x_wconf 85' lang='lat' dir='ltr'><strong>sorma</strong></span> 
     </span>
     <span class='ocr_line' id='line_1_16' title="bbox 244 1674 1329 1777; baseline -0.004 -28"><span class='ocrx_word' id='word_1_119' title='bbox 244 1702 327 1776; x_wconf 77' lang='lat' dir='ltr'><strong>quae</strong></span> <span class='ocrx_word' id='word_1_120' title='bbox 354 1680 531 1776; x_wconf 84' lang='lat' dir='ltr'><strong>exprimat</strong></span> <span class='ocrx_word' id='word_1_121' title='bbox 556 1677 836 1777; x_wconf 85' lang='lat' dir='ltr'><strong>productionem</strong></span> <span class='ocrx_word' id='word_1_122' title='bbox 862 1679 1006 1773; x_wconf 82' lang='lat' dir='ltr'><strong>gratiae,</strong></span> <span class='ocrx_word' id='word_1_123' title='bbox 1028 1677 1094 1750; x_wconf 91' lang='lat' dir='ltr'><strong>sed</strong></span> <span class='ocrx_word' id='word_1_124' title='bbox 1119 1674 1264 1749; x_wconf 73' lang='lat' dir='ltr'><strong>tantiam</strong></span> <span class='ocrx_word' id='word_1_125' title='bbox 1286 1674 1329 1746; x_wconf 88' lang='lat' dir='ltr'><strong>fit</strong></span> 
     </span>
     <span class='ocr_line' id='line_1_17' title="bbox 243 1774 1328 1875; baseline -0.004 -26"><span class='ocrx_word' id='word_1_126' title='bbox 243 1779 383 1849; x_wconf 89' lang='lat' dir='ltr'><strong>mentio</strong></span> <span class='ocrx_word' id='word_1_127' title='bbox 404 1779 611 1871; x_wconf 81' lang='lat' dir='ltr'><strong>potestatis,</strong></span> <span class='ocrx_word' id='word_1_128' title='bbox 641 1801 720 1875; x_wconf 84' lang='lat' dir='ltr'><strong>qnae</strong></span> <span class='ocrx_word' id='word_1_129' title='bbox 744 1775 914 1848; x_wconf 82' lang='lat' dir='ltr'><strong>traditur.</strong></span> <span class='ocrx_word' id='word_1_130' title='bbox 929 1777 1006 1850; x_wconf 85' lang='lat' dir='ltr'><strong>Nec</strong></span> <span class='ocrx_word' id='word_1_131' title='bbox 1031 1775 1150 1847; x_wconf 80' lang='lat' dir='ltr'><strong>obstat</strong></span> <span class='ocrx_word' id='word_1_132' title='bbox 1176 1774 1328 1859; x_wconf 88' lang='lat' dir='ltr'><strong>dicere,</strong></span> 
     </span>
    </p>

    <p class='ocr_par' dir='ltr' id='par_1_5' title="bbox 196 1869 1406 4141">
     <span class='ocr_line' id='line_1_18' title="bbox 204 1869 1332 1974; baseline -0.004 -28"><span class='ocrx_word' id='word_1_133' title='bbox 204 1898 213 1912; x_wconf 93' lang='lat'><strong>·</strong></span> <span class='ocrx_word' id='word_1_134' title='bbox 246 1871 344 1973; x_wconf 86' lang='lat' dir='ltr'><strong>qnod</strong></span> <span class='ocrx_word' id='word_1_135' title='bbox 364 1875 490 1949; x_wconf 88' lang='lat' dir='ltr'><strong>nullus</strong></span> <span class='ocrx_word' id='word_1_136' title='bbox 506 1900 548 1948; x_wconf 82' lang='lat' dir='ltr'><strong>ex</strong></span> <span class='ocrx_word' id='word_1_137' title='bbox 565 1889 705 1974; x_wconf 81' lang='lat' dir='ltr'><strong>septem</strong></span> <span class='ocrx_word' id='word_1_138' title='bbox 721 1873 924 1946; x_wconf 86' lang='lat' dir='ltr'><strong>Ordinibus</strong></span> <span class='ocrx_word' id='word_1_139' title='bbox 947 1876 1067 1946; x_wconf 90' lang='lat' dir='ltr'><strong>iterari</strong></span> <span class='ocrx_word' id='word_1_140' title='bbox 1085 1875 1222 1974; x_wconf 81' lang='lat' dir='ltr'><strong>possit3</strong></span> <span class='ocrx_word' id='word_1_141' title='bbox 1243 1869 1332 1967; x_wconf 84' lang='lat' dir='ltr'><strong>ergi)</strong></span> 
     </span>
     <span class='ocr_line' id='line_1_19' title="bbox 244 1970 1333 2071; baseline -0.003 -26"><span class='ocrx_word' id='word_1_142' title='bbox 244 1972 283 2045; x_wconf 89' lang='lat' dir='ltr'><strong>in</strong></span> <span class='ocrx_word' id='word_1_143' title='bbox 302 1970 454 2067; x_wconf 81' lang='lat' dir='ltr'><strong>singulis</strong></span> <span class='ocrx_word' id='word_1_144' title='bbox 477 1975 700 2070; x_wconf 86' lang='lat' dir='ltr'><strong>imprimitur</strong></span> <span class='ocrx_word' id='word_1_145' title='bbox 728 1972 940 2056; x_wconf 82' lang='lat' dir='ltr'><strong>oltaracter,</strong></span> <span class='ocrx_word' id='word_1_146' title='bbox 963 1975 1026 2071; x_wconf 92' lang='lat' dir='ltr'><strong>qui</strong></span> <span class='ocrx_word' id='word_1_147' title='bbox 1056 1972 1218 2069; x_wconf 89' lang='lat' dir='ltr'><strong>imprimi</strong></span> <span class='ocrx_word' id='word_1_148' title='bbox 1253 1995 1333 2042; x_wconf 89' lang='lat' dir='ltr'><strong>non</strong></span> 
     </span>
     <span class='ocr_line' id='line_1_20' title="bbox 244 2068 1333 2169; baseline -0.002 -26"><span class='ocrx_word' id='word_1_149' title='bbox 244 2084 387 2168; x_wconf 85' lang='lat' dir='ltr'><strong>potest,</strong></span> <span class='ocrx_word' id='word_1_150' title='bbox 405 2071 474 2143; x_wconf 89' lang='lat' dir='ltr'><strong>nisi</strong></span> <span class='ocrx_word' id='word_1_151' title='bbox 491 2098 555 2169; x_wconf 85' lang='lat' dir='ltr'><strong>per</strong></span> <span class='ocrx_word' id='word_1_152' title='bbox 570 2072 857 2145; x_wconf 82' lang='lat' dir='ltr'><strong>Sacramentum.</strong></span> <span class='ocrx_word' id='word_1_153' title='bbox 872 2068 906 2142; x_wconf 89' lang='lat' dir='ltr'>N</span> <span class='ocrx_word' id='word_1_154' title='bbox 909 2097 966 2141; x_wconf 87' lang='lat' dir='ltr'><strong>am</strong></span> <span class='ocrx_word' id='word_1_155' title='bbox 981 2070 1243 2169; x_wconf 84' lang='lat' dir='ltr'><strong>respondetur,</strong></span> <span class='ocrx_word' id='word_1_156' title='bbox 1261 2092 1333 2141; x_wconf 90' lang='lat' dir='ltr'><strong>nec</strong></span> 
     </span>
     <span class='ocr_line' id='line_1_21' title="bbox 246 2163 1332 2265; baseline -0.002 -24"><span class='ocrx_word' id='word_1_157' title='bbox 246 2172 538 2242; x_wconf 83' lang='lat' dir='ltr'><strong>consecrationes</strong></span> <span class='ocrx_word' id='word_1_158' title='bbox 565 2169 816 2242; x_wconf 87' lang='lat' dir='ltr'><strong>Ecclesiarum</strong></span> <span class='ocrx_word' id='word_1_159' title='bbox 848 2169 1026 2241; x_wconf 86' lang='lat' dir='ltr'><strong>iterantur</strong></span> <span class='ocrx_word' id='word_1_160' title='bbox 1055 2225 1064 2255; x_wconf 80' lang='grc'><em>,</em></span> <span class='ocrx_word' id='word_1_161' title='bbox 1095 2194 1215 2265; x_wconf 87' lang='lat' dir='ltr'><strong>neque</strong></span> <span class='ocrx_word' id='word_1_162' title='bbox 1245 2163 1332 2239; x_wconf 76' lang='lat' dir='ltr'><strong>ideo</strong></span> 
     </span>
     <span class='ocr_line' id='line_1_22' title="bbox 247 2263 1328 2366; baseline -0.003 -26"><span class='ocrx_word' id='word_1_163' title='bbox 247 2263 497 2353; x_wconf 84' lang='lat' dir='ltr'><strong>characterem</strong></span> <span class='ocrx_word' id='word_1_164' title='bbox 517 2268 758 2366; x_wconf 81' lang='lat' dir='ltr'><strong>imprimunt,</strong></span> <span class='ocrx_word' id='word_1_165' title='bbox 784 2292 851 2340; x_wconf 90' lang='lat' dir='ltr'><strong>nec</strong></span> <span class='ocrx_word' id='word_1_166' title='bbox 874 2284 962 2338; x_wconf 88' lang='lat' dir='ltr'><strong>sunt</strong></span> <span class='ocrx_word' id='word_1_167' title='bbox 986 2269 1228 2341; x_wconf 85' lang='lat' dir='ltr'><strong>Sacramenta.</strong></span> <span class='ocrx_word' id='word_1_168' title='bbox 1249 2263 1328 2337; x_wconf 87' lang='lat' dir='ltr'><strong>Nec</strong></span> 
     </span>
     <span class='ocr_line' id='line_1_23' title="bbox 246 2362 1335 2463; baseline -0.003 -26"><span class='ocrx_word' id='word_1_169' title='bbox 246 2363 367 2438; x_wconf 80' lang='lat' dir='ltr'><strong>obstat</strong></span> <span class='ocrx_word' id='word_1_170' title='bbox 385 2422 394 2454; x_wconf 90' lang='lat'><strong>,</strong></span> <span class='ocrx_word' id='word_1_171' title='bbox 415 2365 515 2463; x_wconf 88' lang='lat' dir='ltr'><strong>qood</strong></span> <span class='ocrx_word' id='word_1_172' title='bbox 528 2362 710 2439; x_wconf 85' lang='lat' dir='ltr'><strong>Clemens.</strong></span> <span class='ocrx_word' id='word_1_173' title='bbox 729 2364 754 2436; x_wconf 95' lang='lat' dir='ltr'><strong>l.</strong></span> <span class='ocrx_word' id='word_1_174' title='bbox 779 2367 814 2439; x_wconf 88' lang='lat'><strong>8.</strong></span> <span class='ocrx_word' id='word_1_175' title='bbox 841 2365 992 2437; x_wconf 84' lang='lat' dir='ltr'><strong>Constit.</strong></span> <span class='ocrx_word' id='word_1_176' title='bbox 1019 2393 1052 2440; x_wconf 91' lang='lat' dir='ltr'><strong>c.</strong></span> <span class='ocrx_word' id='word_1_177' title='bbox 1081 2392 1121 2437; x_wconf 82' lang='lat'><strong>21</strong></span> <span class='ocrx_word' id='word_1_178' title='bbox 1152 2363 1272 2448; x_wconf 83' lang='lat' dir='ltr'><strong>dicat,</strong></span> <span class='ocrx_word' id='word_1_179' title='bbox 1295 2362 1335 2434; x_wconf 90' lang='lat' dir='ltr'><strong>in</strong></span> 
     </span>
     <span class='ocr_line' id='line_1_24' title="bbox 248 2460 1354 2555; baseline -0.006 -18"><span class='ocrx_word' id='word_1_180' title='bbox 248 2461 490 2537; x_wconf 87' lang='lat' dir='ltr'><strong>Ordinatione</strong></span> <span class='ocrx_word' id='word_1_181' title='bbox 519 2463 840 2555; x_wconf 84' lang='lat' dir='ltr'><strong>Subdiaconorum</strong></span> <span class='ocrx_word' id='word_1_182' title='bbox 865 2460 964 2536; x_wconf 78' lang='lat' dir='ltr'><strong>lieno</strong></span> <span class='ocrx_word' id='word_1_183' title='bbox 987 2465 1064 2536; x_wconf 88' lang='lat' dir='ltr'><strong>fieri</strong></span> <span class='ocrx_word' id='word_1_184' title='bbox 1088 2465 1301 2536; x_wconf 85' lang='lat' dir='ltr'><strong>Orationem</strong></span> <span class='ocrx_word' id='word_1_185' title='bbox 1324 2476 1354 2530; x_wconf 79' lang='grc' dir='ltr'><strong>ι’</strong></span> 
     </span>
     <span class='ocr_line' id='line_1_25' title="bbox 248 2559 1337 2662; baseline -0.001 -30"><span class='ocrx_word' id='word_1_186' title='bbox 248 2561 381 2649; x_wconf 65' lang='lat' dir='ltr'><strong>‚Tricce</strong></span> <span class='ocrx_word' id='word_1_187' title='bbox 393 2560 465 2648; x_wconf 83' lang='lat' dir='ltr'><strong>eis,</strong></span> <span class='ocrx_word' id='word_1_188' title='bbox 483 2561 661 2647; x_wconf 81' lang='lat' dir='ltr'><strong>Domine,</strong></span> <span class='ocrx_word' id='word_1_189' title='bbox 682 2559 1030 2662; x_wconf 80' lang='lat' dir='ltr'><strong>Spiritum-Sanctam</strong></span> <span class='ocrx_word' id='word_1_190' title='bbox 1048 2620 1056 2645; x_wconf 81' lang='lat'><strong><em>‚</em></strong></span> <span class='ocrx_word' id='word_1_191' title='bbox 1075 2577 1114 2631; x_wconf 86' lang='lat' dir='ltr'><strong>ut</strong></span> <span class='ocrx_word' id='word_1_192' title='bbox 1128 2559 1230 2658; x_wconf 73' lang='lat' dir='ltr'><strong>digne</strong></span> <span class='ocrx_word' id='word_1_193' title='bbox 1250 2585 1337 2631; x_wconf 81' lang='lat' dir='ltr'><strong>rasa</strong></span> 
     </span>
     <span class='ocr_line' id='line_1_26' title="bbox 248 2658 1339 2759; baseline -0.001 -25"><span class='ocrx_word' id='word_1_194' title='bbox 248 2658 398 2734; x_wconf 83' lang='lat' dir='ltr'><strong>Domini</strong></span> <span class='ocrx_word' id='word_1_195' title='bbox 407 2674 590 2733; x_wconf 69' lang='lat' dir='ltr'><strong>attrectare</strong></span> <span class='ocrx_word' id='word_1_196' title='bbox 608 2662 755 2733; x_wconf 76' lang='lat' dir='ltr'><strong>valcant.</strong></span> <span class='ocrx_word' id='word_1_197' title='bbox 772 2661 805 2734; x_wconf 93' lang='lat' dir='ltr'><strong>N</strong></span> <span class='ocrx_word' id='word_1_198' title='bbox 809 2684 865 2730; x_wconf 86' lang='lat' dir='ltr'><strong>am</strong></span> <span class='ocrx_word' id='word_1_199' title='bbox 884 2659 1080 2759; x_wconf 87' lang='lat' dir='ltr'><strong>respondet</strong></span> <span class='ocrx_word' id='word_1_200' title='bbox 1092 2659 1232 2732; x_wconf 87' lang='lat' dir='ltr'><strong>Toum.</strong></span> <span class='ocrx_word' id='word_1_201' title='bbox 1252 2682 1339 2755; x_wconf 81' lang='lat' dir='ltr'><strong>pag.</strong></span> 
     </span>
     <span class='ocr_line' id='line_1_27' title="bbox 252 2755 1338 2857; baseline -0.005 -25"><span class='ocrx_word' id='word_1_202' title='bbox 252 2758 343 2848; x_wconf 78' lang='lat'><strong>252,</strong></span> <span class='ocrx_word' id='word_1_203' title='bbox 364 2756 464 2857; x_wconf 87' lang='lat' dir='ltr'><strong>quod</strong></span> <span class='ocrx_word' id='word_1_204' title='bbox 482 2758 580 2832; x_wconf 90' lang='lat' dir='ltr'><strong>idem</strong></span> <span class='ocrx_word' id='word_1_205' title='bbox 596 2759 766 2833; x_wconf 82' lang='lat' dir='ltr'><strong>Clemens</strong></span> <span class='ocrx_word' id='word_1_206' title='bbox 797 2763 903 2831; x_wconf 75' lang='lat' dir='ltr'><strong>antea</strong></span> <span class='ocrx_word' id='word_1_207' title='bbox 933 2758 1141 2843; x_wconf 88' lang='lat' dir='ltr'><strong>retulisset,</strong></span> <span class='ocrx_word' id='word_1_208' title='bbox 1169 2755 1338 2830; x_wconf 86' lang='lat' dir='ltr'><strong>eamdem</strong></span> 
     </span>
     <span class='ocr_line' id='line_1_28' title="bbox 201 2854 1337 2956; baseline -0.004 -27"><span class='ocrx_word' id='word_1_209' title='bbox 201 2899 204 2915; x_wconf 66' lang='grc' dir='ltr'><strong>ι</strong></span> <span class='ocrx_word' id='word_1_210' title='bbox 252 2856 326 2929; x_wconf 92' lang='lat' dir='ltr'><strong>dici</strong></span> <span class='ocrx_word' id='word_1_211' title='bbox 346 2855 557 2933; x_wconf 86' lang='lat' dir='ltr'><strong>Orationem</strong></span> <span class='ocrx_word' id='word_1_212' title='bbox 584 2883 693 2955; x_wconf 91' lang='lat' dir='ltr'><strong>super</strong></span> <span class='ocrx_word' id='word_1_213' title='bbox 716 2858 934 2933; x_wconf 87' lang='lat' dir='ltr'><strong>Diacouissis</strong></span> <span class='ocrx_word' id='word_1_214' title='bbox 953 2914 961 2939; x_wconf 87' lang='lat'><strong>,</strong></span> <span class='ocrx_word' id='word_1_215' title='bbox 980 2882 1061 2956; x_wconf 78' lang='lat' dir='ltr'><strong>quae</strong></span> <span class='ocrx_word' id='word_1_216' title='bbox 1087 2854 1186 2931; x_wconf 72' lang='lat' dir='ltr'><strong>carte</strong></span> <span class='ocrx_word' id='word_1_217' title='bbox 1206 2857 1337 2927; x_wconf 86' lang='lat' dir='ltr'><strong>Sacra·-</strong></span> 
     </span>
     <span class='ocr_line' id='line_1_29' title="bbox 250 2950 1338 3056; baseline -0.002 -28"><span class='ocrx_word' id='word_1_218' title='bbox 250 2971 418 3029; x_wconf 83' lang='lat' dir='ltr'><strong>mentum</strong></span> <span class='ocrx_word' id='word_1_219' title='bbox 437 2954 586 3030; x_wconf 87' lang='lat' dir='ltr'><strong>Ordinis</strong></span> <span class='ocrx_word' id='word_1_220' title='bbox 611 2960 797 3056; x_wconf 88' lang='lat' dir='ltr'><strong>suscipere</strong></span> <span class='ocrx_word' id='word_1_221' title='bbox 826 2981 903 3028; x_wconf 90' lang='lat' dir='ltr'><strong>non</strong></span> <span class='ocrx_word' id='word_1_222' title='bbox 925 2969 1104 3055; x_wconf 86' lang='lat' dir='ltr'><strong>poterant.</strong></span> <span class='ocrx_word' id='word_1_223' title='bbox 1128 2953 1199 3043; x_wconf 91' lang='lat' dir='ltr'><strong>Sed</strong></span> <span class='ocrx_word' id='word_1_224' title='bbox 1224 2950 1338 3026; x_wconf 60' lang='lat' dir='ltr'><strong>hodie</strong></span> 
     </span>
     <span class='ocr_line' id='line_1_30' title="bbox 253 3051 761 3153; baseline 0.008 -28"><span class='ocrx_word' id='word_1_225' title='bbox 253 3051 331 3126; x_wconf 81' lang='lat' dir='ltr'><strong>haec</strong></span> <span class='ocrx_word' id='word_1_226' title='bbox 347 3055 460 3127; x_wconf 87' lang='lat' dir='ltr'><strong>oratio</strong></span> <span class='ocrx_word' id='word_1_227' title='bbox 478 3080 598 3153; x_wconf 88' lang='lat' dir='ltr'><strong>neque</strong></span> <span class='ocrx_word' id='word_1_228' title='bbox 616 3053 761 3129; x_wconf 87' lang='lat' dir='ltr'><strong>dicitur.</strong></span> 
     </span>
     <span class='ocr_line' id='line_1_31' title="bbox 196 3146 1339 3251; baseline 0.002 -31"><span class='ocrx_word' id='word_1_229' title='bbox 196 3162 246 3233; x_wconf 64' lang='lat'><strong>23⁸</strong></span> <span class='ocrx_word' id='word_1_230' title='bbox 302 3154 487 3243; x_wconf 79' lang='lat' dir='ltr'><strong>Quaeritur</strong></span> <span class='ocrx_word' id='word_1_231' title='bbox 500 3151 632 3227; x_wconf 75' lang='lat' dir='ltr'><strong>deinde</strong></span> <span class='ocrx_word' id='word_1_232' title='bbox 663 3155 719 3226; x_wconf 85' lang='lat' dir='ltr'><strong>An</strong></span> <span class='ocrx_word' id='word_1_233' title='bbox 735 3153 978 3251; x_wconf 84' lang='lat' dir='ltr'><strong>Episcopatus</strong></span> <span class='ocrx_word' id='word_1_234' title='bbox 993 3151 1040 3223; x_wconf 91' lang='lat' dir='ltr'><strong>sit</strong></span> <span class='ocrx_word' id='word_1_235' title='bbox 1062 3146 1170 3224; x_wconf 85' lang='lat' dir='ltr'><strong>Ordo</strong></span> <span class='ocrx_word' id='word_1_236' title='bbox 1182 3147 1339 3222; x_wconf 86' lang='lat' dir='ltr'><strong>distino-</strong></span> 
     </span>
     <span class='ocr_line' id='line_1_32' title="bbox 253 3244 1406 3351; baseline -0.005 -30"><span class='ocrx_word' id='word_1_237' title='bbox 253 3260 312 3321; x_wconf 91' lang='lat' dir='ltr'><strong>tns</strong></span> <span class='ocrx_word' id='word_1_238' title='bbox 329 3253 349 3321; x_wconf 71' lang='lat' dir='ltr'><strong>i</strong></span> <span class='ocrx_word' id='word_1_239' title='bbox 364 3248 631 3351; x_wconf 83' lang='lat' dir='ltr'><strong>Presbyteratu.</strong></span> <span class='ocrx_word' id='word_1_240' title='bbox 646 3250 787 3349; x_wconf 83' lang='lat' dir='ltr'><strong>Negant</strong></span> <span class='ocrx_word' id='word_1_241' title='bbox 801 3253 837 3324; x_wconf 92' lang='lat' dir='ltr'><strong>S.</strong></span> <span class='ocrx_word' id='word_1_242' title='bbox 854 3249 986 3323; x_wconf 89' lang='lat' dir='ltr'><strong>Thom.</strong></span> <span class='ocrx_word' id='word_1_243' title='bbox 1003 3250 1039 3321; x_wconf 79' lang='lat' dir='ltr'><strong>S‘.</strong></span> <span class='ocrx_word' id='word_1_244' title='bbox 1056 3251 1192 3322; x_wconf 73' lang='lat' dir='ltr'><strong>Bonas.</strong></span> <span class='ocrx_word' id='word_1_245' title='bbox 1210 3244 1344 3332; x_wconf 88' lang='lat' dir='ltr'><strong>etalii,</strong></span> <span class='ocrx_word' id='word_1_246' title='bbox 1394 3326 1406 3347; x_wconf 34' lang='grc' dir='ltr'><strong><em>ο</em></strong></span> 
     </span>
     <span class='ocr_line' id='line_1_33' title="bbox 254 3342 1339 3517; baseline 0.002 -100"><span class='ocrx_word' id='word_1_247' title='bbox 254 3346 319 3517; x_wconf 57' lang='lat' dir='ltr'><strong>gui</strong></span> <span class='ocrx_word' id='word_1_248' title='bbox 340 3345 487 3440; x_wconf 87' lang='lat' dir='ltr'><strong>dieunt,</strong></span> <span class='ocrx_word' id='word_1_249' title='bbox 513 3375 590 3423; x_wconf 87' lang='lat' dir='ltr'><strong>esse</strong></span> <span class='ocrx_word' id='word_1_250' title='bbox 609 3353 857 3423; x_wconf 78' lang='lat' dir='ltr'><strong>extensionem</strong></span> <span class='ocrx_word' id='word_1_251' title='bbox 877 3348 1027 3421; x_wconf 83' lang='lat' dir='ltr'><strong>Ordinis</strong></span> <span class='ocrx_word' id='word_1_252' title='bbox 1049 3342 1339 3446; x_wconf 72' lang='lat' dir='ltr'><strong>Presbyteratirs.</strong></span> 
     </span>
     <span class='ocr_line' id='line_1_34' title="bbox 280 3444 1338 3525; baseline -0.003 -9"><span class='ocrx_word' id='word_1_253' title='bbox 280 3444 326 3516; x_wconf 89' lang='lat' dir='ltr'><strong>ed</strong></span> <span class='ocrx_word' id='word_1_254' title='bbox 351 3447 584 3525; x_wconf 76' lang='lat' dir='ltr'><strong>communius</strong></span> <span class='ocrx_word' id='word_1_255' title='bbox 614 3447 794 3525; x_wconf 84' lang='lat' dir='ltr'><strong>affirmant</strong></span> <span class='ocrx_word' id='word_1_256' title='bbox 818 3445 989 3520; x_wconf 88' lang='lat' dir='ltr'><strong>Bellarm.</strong></span> <span class='ocrx_word' id='word_1_257' title='bbox 1020 3446 1159 3519; x_wconf 87' lang='lat' dir='ltr'><strong>Tourn.</strong></span> <span class='ocrx_word' id='word_1_258' title='bbox 1190 3444 1338 3517; x_wconf 79' lang='lat' dir='ltr'><strong>Hubert.</strong></span> 
     </span>
     <span class='ocr_line' id='line_1_35' title="bbox 257 3542 1343 3644; baseline -0.006 -25"><span class='ocrx_word' id='word_1_259' title='bbox 257 3543 395 3619; x_wconf 84' lang='lat' dir='ltr'><strong>Sanoh.</strong></span> <span class='ocrx_word' id='word_1_260' title='bbox 423 3543 505 3619; x_wconf 79' lang='lat' dir='ltr'><strong>val.</strong></span> <span class='ocrx_word' id='word_1_261' title='bbox 530 3550 688 3632; x_wconf 81' lang='lat' dir='ltr'><strong>Aversa,</strong></span> <span class='ocrx_word' id='word_1_262' title='bbox 714 3559 784 3622; x_wconf 90' lang='lat' dir='ltr'><strong>ete.</strong></span> <span class='ocrx_word' id='word_1_263' title='bbox 810 3561 887 3618; x_wconf 90' lang='lat' dir='ltr'><strong>tum</strong></span> <span class='ocrx_word' id='word_1_264' title='bbox 916 3546 1002 3644; x_wconf 90' lang='lat' dir='ltr'><strong>quia</strong></span> <span class='ocrx_word' id='word_1_265' title='bbox 1020 3545 1057 3617; x_wconf 90' lang='lat' dir='ltr'><strong>in</strong></span> <span class='ocrx_word' id='word_1_266' title='bbox 1078 3546 1158 3643; x_wconf 89' lang='lat' dir='ltr'><strong>ipso</strong></span> <span class='ocrx_word' id='word_1_267' title='bbox 1183 3542 1343 3616; x_wconf 86' lang='lat' dir='ltr'><strong>traditur</strong></span> 
     </span>
     <span class='ocr_line' id='line_1_36' title="bbox 257 3638 1343 3743; baseline -0.006 -27"><span class='ocrx_word' id='word_1_268' title='bbox 257 3638 451 3718; x_wconf 78' lang='lat' dir='ltr'><strong>distinctus</strong></span> <span class='ocrx_word' id='word_1_269' title='bbox 472 3643 682 3733; x_wconf 71' lang='lat' dir='ltr'><strong>clamanter,</strong></span> <span class='ocrx_word' id='word_1_270' title='bbox 707 3662 743 3719; x_wconf 90' lang='lat' dir='ltr'><strong>et</strong></span> <span class='ocrx_word' id='word_1_271' title='bbox 760 3644 930 3743; x_wconf 85' lang='lat' dir='ltr'><strong>specialis</strong></span> <span class='ocrx_word' id='word_1_272' title='bbox 955 3659 1110 3739; x_wconf 88' lang='lat' dir='ltr'><strong>potestas</strong></span> <span class='ocrx_word' id='word_1_273' title='bbox 1129 3641 1178 3715; x_wconf 87' lang='lat' dir='ltr'><strong>ad</strong></span> <span class='ocrx_word' id='word_1_274' title='bbox 1195 3639 1343 3715; x_wconf 86' lang='lat' dir='ltr'><strong>Eucha-</strong></span> 
     </span>
     <span class='ocr_line' id='line_1_37' title="bbox 255 3739 1339 3842; baseline -0.007 -26"><span class='ocrx_word' id='word_1_275' title='bbox 255 3740 413 3832; x_wconf 83' lang='lat' dir='ltr'><strong>ristiam,</strong></span> <span class='ocrx_word' id='word_1_276' title='bbox 434 3739 565 3841; x_wconf 71' lang='lat' dir='ltr'><strong>nempe</strong></span> <span class='ocrx_word' id='word_1_277' title='bbox 583 3743 832 3819; x_wconf 88' lang='lat' dir='ltr'><strong>constituendi</strong></span> <span class='ocrx_word' id='word_1_278' title='bbox 845 3742 958 3842; x_wconf 82' lang='lat' dir='ltr'><strong>hujus</strong></span> <span class='ocrx_word' id='word_1_279' title='bbox 970 3742 1193 3816; x_wconf 86' lang='lat' dir='ltr'><strong>Sacramenti</strong></span> <span class='ocrx_word' id='word_1_280' title='bbox 1208 3739 1339 3810; x_wconf 86' lang='lat' dir='ltr'><strong>minis-</strong></span> 
     </span>
     <span class='ocr_line' id='line_1_38' title="bbox 254 3839 1344 3943; baseline -0.003 -31"><span class='ocrx_word' id='word_1_281' title='bbox 254 3844 356 3916; x_wconf 81' lang='lat' dir='ltr'><strong>tros.</strong></span> <span class='ocrx_word' id='word_1_282' title='bbox 378 3858 456 3915; x_wconf 89' lang='lat' dir='ltr'><strong>tum</strong></span> <span class='ocrx_word' id='word_1_283' title='bbox 479 3841 563 3941; x_wconf 85' lang='lat' dir='ltr'><strong>quia</strong></span> <span class='ocrx_word' id='word_1_284' title='bbox 581 3840 689 3917; x_wconf 81' lang='lat' dir='ltr'><strong>Ordo,</strong></span> <span class='ocrx_word' id='word_1_285' title='bbox 706 3841 949 3943; x_wconf 81' lang='lat' dir='ltr'><strong>Episcopatirs</strong></span> <span class='ocrx_word' id='word_1_286' title='bbox 967 3839 1155 3913; x_wconf 84' lang='lat' dir='ltr'><strong>confertur</strong></span> <span class='ocrx_word' id='word_1_287' title='bbox 1205 3863 1244 3910; x_wconf 89' lang='lat' dir='ltr'><strong>er</strong></span> <span class='ocrx_word' id='word_1_288' title='bbox 1262 3862 1344 3909; x_wconf 84' lang='lat' dir='ltr'><strong>ma·</strong></span> 
     </span>
     <span class='ocr_line' id='line_1_39' title="bbox 226 3865 1342 4042; baseline -0.008 -28"><span class='ocrx_word' id='word_1_289' title='bbox 226 4020 233 4033; x_wconf 58' lang='grc'>,</span> <span class='ocrx_word' id='word_1_290' title='bbox 255 3960 371 4017; x_wconf 83' lang='grc' dir='ltr'><strong>ιιιιιιιιι</strong></span> <span class='ocrx_word' id='word_1_291' title='bbox 388 3942 677 4042; x_wconf 85' lang='lat' dir='ltr'><strong>impositionem,</strong></span> <span class='ocrx_word' id='word_1_292' title='bbox 696 3955 732 4012; x_wconf 89' lang='lat' dir='ltr'><strong>et</strong></span> <span class='ocrx_word' id='word_1_293' title='bbox 748 3966 810 4040; x_wconf 80' lang='lat' dir='ltr'><strong>per</strong></span> <span class='ocrx_word' id='word_1_294' title='bbox 823 3938 979 4014; x_wconf 84' lang='lat' dir='ltr'><strong>formam</strong></span> <span class='ocrx_word' id='word_1_295' title='bbox 993 3995 1001 4022; x_wconf 92' lang='lat'><strong>,</strong></span> <span class='ocrx_word' id='word_1_296' title='bbox 1017 3936 1147 4035; x_wconf 69' lang='lat' dir='ltr'><strong>Accrpc</strong></span> <span class='ocrx_word' id='word_1_297' title='bbox 1160 3865 1342 4036; x_wconf 42' lang='lat' dir='ltr'><strong>§uthra-</strong></span> 
     </span>
     <span class='ocr_line' id='line_1_40' title="bbox 257 4030 1343 4141; baseline -0.003 -30"><span class='ocrx_word' id='word_1_298' title='bbox 257 4030 434 4133; x_wconf 80' lang='lat' dir='ltr'><strong>Sarrcttrrrr,</strong></span> <span class='ocrx_word' id='word_1_299' title='bbox 446 4050 510 4120; x_wconf 74' lang='lat' dir='ltr'><strong>etc.</strong></span> <span class='ocrx_word' id='word_1_300' title='bbox 529 4040 605 4120; x_wconf 81' lang='lat' dir='ltr'><strong>Neo</strong></span> <span class='ocrx_word' id='word_1_301' title='bbox 623 4039 742 4118; x_wconf 82' lang='lat' dir='ltr'><strong>obstat</strong></span> <span class='ocrx_word' id='word_1_302' title='bbox 756 4038 896 4131; x_wconf 78' lang='lat' dir='ltr'><strong>dicere,</strong></span> <span class='ocrx_word' id='word_1_303' title='bbox 915 4035 1034 4141; x_wconf 72' lang='lat' dir='ltr'><strong>quod,</strong></span> <span class='ocrx_word' id='word_1_304' title='bbox 1047 4038 1078 4112; x_wconf 88' lang='lat' dir='ltr'><strong>si</strong></span> <span class='ocrx_word' id='word_1_305' title='bbox 1090 4037 1343 4139; x_wconf 81' lang='lat' dir='ltr'><strong>Episcopatus</strong></span> 
     </span>
    </p>
   </div>
   <div class='ocr_carea' id='block_1_3' title="bbox 0 0 1484 4709">
    <p class='ocr_par' dir='ltr' id='par_1_6' title="bbox 0 0 1484 4709">
     <span class='ocr_line' id='line_1_41' title="bbox 0 0 1484 4709; baseline 0 0"><span class='ocrx_word' id='word_1_306' title='bbox 0 0 1484 4709; x_wconf 95' lang='lat' dir='ltr'><strong> </strong></span> 
     </span>
    </p>
   </div>
  </div>
 </body>
</html>
