2917 4709
240 241 313 315 536-
348 246 421 318 Lib.
431 247 490 318 vt.
503 249 610 316 Traet.
620 249 665 317 t.
682 250 733 316 De
747 248 1034 339 Extrema-unes,
1050 268 1088 321 et·
1099 252 1236 322 Drffinr.

244 374 294 432 tot
311 359 461 450 Glossa,
487 376 523 435 et
547 363 677 438 dieunt
700 364 834 437 Sauch.
861 380 897 436 et
916 368 1061 438 Aversa.
1089 365 1183 436 Cum
1212 361 1326 460 igitur

243 458 411 533 Trideut.
430 486 515 535 sess.
537 488 575 534 21
601 490 633 536 c.
653 489 674 534 2
693 464 918 535 innovarerit
938 487 1089 561 peenas,
1108 459 1325 558 intelligitur
1348 453 1382 492 ‘⁸

244 563 436 632 renorlsse
453 586 577 657 poenae
593 617 603 647 ‚
621 585 704 659 quae
721 578 812 634 tune
824 578 929 636 erant
945 562 983 634 in
1002 559 1133 634 robore
1150 560 1251 659 apud
1267 586 1325 632 sa-
1352 579 1356 588 ’

183 747 187 756 .
244 660 527 749 eros'Canones‚
554 658 687 758 nempe
711 662 812 757 quod
837 661 1012 732 ordinans
1037 653 1202 730 teneatur
1225 658 1324 729 alere

245 756 455 828 ordinatum
473 759 690 843 sinetitulo,
710 786 786 831 non
803 775 924 831 autem
939 755 1065 856 'quoad
1083 758 1292 830 ordinatum
1311 811 1323 842 ,

245 858 351 953 cuijus
395 877 476 926 oena
498 859 571 953 jam
599 876 676 928 erat
697 877 876 930 revocata.
897 859 946 929 Et
961 856 1007 929 de
1033 856 1104 928 boc
1125 854 1257 926 Eseob.
1285 852 1321 925 d.

141 1015 144 1026 .
245 976 281 1023 n.
304 953 350 1023 36
393 951 495 1024 oflert
513 953 656 1028 Declar.
681 956 719 1028 S.
737 960 780 1030 C.
803 956 939 1028 editam
959 975 1054 1026 anno
1088 955 1203 1037 1583(ι

1238 977 1324 1025 uam

244 1048 409 1122 referunt
426 1053 534 1123 etiem
558 1052 740 1136 Barbosa‚
763 1055 895 1127 Gareia
911 1055 976 1141 ‚et
991 1052 1137 1132 Vivald.
1158 1061 1171 1144 )
1192 978 1254 1122 oli
1273 1050 1325 1122 si'e

150 1197 155 1202 -
244 1147 384 1219 dietum
410 1149 499 1221 luit:
522 1150 710 1223 Ordinatur
732 1172 853 1226 contra
867 1150 1030 1248 fhimom
1055 1149 1160 1245 hujus
1185 1148 1332 1221 Decrcti

243 1249 259 1342 (
274 1246 369 1317 idest
381 1247 538 1319 Concilii
554 1249 569 1344 )
585 1248 661 1320 sior
675 1249 853 1325 Beneficio
874 1254 930 1321 oel
936 1247 1169 1345 patrimonio,
1186 1259 1328 1319 nonest

241 1370 306 1439 per
328 1342 397 1416 hor
423 1371 642 1445 suspensos,
666 1373 731 1418 nec
748 1349 900 1445 oltpoom
916 1371 1056 1443 penam
1077 1346 1219 1418 circumi
1230 1400 1240 1430 ‚
1260 1343 1331 1416 scd
1353 1361 1356 1364 '

242 1442 419 1539 cogendos
436 1459 491 1514 est
508 1446 677 1517 ordinans
696 1445 749 1516 illi
758 1445 938 1540 providere
953 1500 961 1526 .
974 1444 1083 1541 ficeto
1097 1468 1177 1538 esp.
1192 1442 1325 1516 Secun-

240 1541 323 1608 dum
337 1540 546 1635 Apostolum
560 1545 604 1612 de
621 1541 805 1616 Probend.
822 1544 885 1643 qui
894 1545 990 1615 solos
1008 1542 1144 1626 Conon,
1156 1566 1228 1611 oon
1244 1540 1321 1630 olei,

242 1639 265 1706 d
285 1638 440 1726 Concilio
458 1640 654 1727 innovatur.
674 1639 752 1713 Nee
777 1640 1022 1715 obsiat'Bulla
1047 1641 1081 1709 S.
1104 1640 1161 1712 Pii
1178 1639 1225 1712 V.
1245 1640 1326 1710 Ro·

243 1760 387 1822 manus,
407 1737 502 1810 edito
528 1744 568 1831 14
586 1739 709 1812 octob.
735 1737 836 1827 1568,
855 1757 897 1832 ut
916 1738 1071 1839 opponit
1089 1737 1225 1809 Bonae.
1246 1764 1281 1832 p.
1300 1735 1325 1811 5
1372 1755 1377 1763 '

167 1909 171 1922 ,
241 1861 294 1909 n.·
308 1859 361 1930 17,
377 1836 440 1907 ubi
455 1852 630 1909 statutum
642 1837 712 1918 suit
726 1839 914 1911 incurrere
928 1841 1206 1936 suspensionem
1223 1834 1326 1908 Reli·

217 1952 219 1955 ’
243 1935 379 2028 giumo,
402 1937 554 2032 quisine
570 1938 790 2036 patrimonio
803 1938 1021 2024 ordinantur
1034 1931 1118 2008 ante
1133 1932 1326 2030 professio·

242 2055 349 2115 uem;
369 2031 465 2105 idem
499 2047 542 2106 u'e
572 2033 709 2107 dictum
731 2036 800 2108 fuit
825 2036 871 2110 de
892 2034 1042 2110 Clerieis
1067 2035 1105 2103 in
1131 2030 1324 2105 communi

242 2129 458 2203 viventibus.
513 2159 573 2204 um
590 2132 629 2204 id
647 2133 852 2232 specialiter
869 2163 935 2234 pro
951 2132 1028 2208 istis
1049 2129 1237 2204 decretum
1253 2130 1327 2203 fuit

244 2252 313 2300 nee
337 2230 382 2300 ed
412 2231 500 2301 alios
528 2230 811 2305 extendendum.
841 2233 951 2326 Quod
982 2237 1106 2303 autem'
1135 2227 1325 2304 moraliter

244 2342 372 2423 peccet
393 2328 528 2426 quisic
546 2329 761 2417 ordinatur,
779 2357 855 2405 non
872 2343 1062 2407 revocatur
1079 2326 1117 2400 iu
1138 2326 1294 2400 dubium
1313 2382 1324 2418 ‚

244 2438 285 2497 ut
302 2424 399 2499 reete
417 2427 466 2497 ait
485 2426 574 2499 Viva
596 2428 621 2501 l.
641 2455 673 2500 c.
1194 2505 1200 2522 ,

290 2521 453 2595 Secundo
468 2527 591 2597 tarn'en
611 2525 787 2599 sententia
805 2521 1052 2625 probabilior,
1096 2550 1181 2598 uam
1197 2537 1325 2599 tenent

243 2621 346 2693 Suer.
364 2620 410 2693 de
428 2626 578 2707 Censor,
602 2625 637 2696 d.
655 2623 694 2698 31
715 2640 803 2699 sect.
825 2652 837 2697 r
856 2552 1113 2697 n.35.sanel1.
1132 2625 1247 2698 Coos.
1259 2621 1323 2719 l:7

243 2746 276 2793 e.
295 2747 308 2791 r
327 2713 415 2794 dub.
431 2724 527 2796 3511.
550 2726 748 2798 rmBonac.
766 2750 828 2824 qu.
845 2723 880 2793 d.
897 2723 919 2793 8
938 2725 1033 2795 unic.
1052 2748 1089 2822 p.
1110 2720 1131 2795 5
1151 2747 1255 2794 irum.
1275 2723 1323 2814 24

242 2835 279 2891 et
295 2818 407 2892 Salm.
432 2847 472 2892 n.
491 2820 537 2919 73
556 2848 643 2896 cum
669 2819 828 2912 diersa,
850 2819 1092 2915 contradicit;
1114 2818 1323 2896 Concilium

244 2918 343 2990 enim
358 2917 448 2990 dixit
467 2947 476 2987 ε
493 2922 722 3020 Antipoorom
736 2923 924 2995 'Cononem
935 2927 1060 3011 panus
1076 2943 1182 3013 super
1196 2916 1253 2990 his
1267 2916 1322 2988 in·

240 3018 415 3088 meando.
434 3019 534 3091 Dixit
550 3019 776 3109 inseruerim
794 3017 881 3117 ergo
901 3018 1011 3091 etiem
1030 3041 1154 3116 poenas
1173 3041 1322 3089 revoca·

242 3128 297 3186 tas
322 3118 518 3188 renovavit.
544 3116 643 3188 Dixit
661 3142 807 3213 pernas,
833 3141 909 3188 non
935 3141 1110 3229 poenam;
1138 3113 1224 3214 ergd
1245 3139 1321 3186 nou

243 3210 364 3285 solism
391 3239 536 3306 poenum
560 3215 788 3303 ordinantis,
809 3214 875 3288 sed
899 3218 1008 3286 cutm
1031 3214 1189 3287 ordinati
1209 3235 1323 3286 reno-

243 3315 316 3382 vari
334 3310 524 3384 intellexit.
543 3315 641 3387 Dixit
658 3315 863 3401 Cononem,
881 3338 920 3383 er
945 3311 967 3384 ὸ
987 3313 1178 3386 innovarit'
1196 3333 1322 3410 poense

226 3433 318 3486 <non
343 3410 455 3482 solius
481 3408 642 3485 Cononis
664 3411 874 3485 Innocentii
897 3412 912 3484 l
953 3409 1046 3483 .sed
1069 3411 1235 3486 omniurn
1256 3433 1266 3499 ;
1286 3421 1324 3482 et

240 3507 325 3580 ideb
341 3508 483 3580 addidit
494 3511 725 3607 ontzpuorum.
744 3508 993 3584 Nihilominus
1006 3508 1119 3582 Salm.
1140 3536 1175 3582 n.
1191 3508 1238 3605 75
1256 3506 1321 3580 od·

242 3621 387 3679 vertunt
410 3608 439 3679 l.
467 3632 552 3679 cum
571 3607 706 3682 Saneh.
729 3608 854 3708 quod,
874 3634 959 3682 curn
976 3609 1014 3682 in
1034 3609 1140 3684 dietis
1158 3606 1321 3680 Canoni-

241 3703 312 3778 bos
326 3731 402 3777 non
415 3706 622 3804 requiratur
634 3708 835 3806 possessio,
849 3708 880 3780 si
894 3708 976 3806 quis
993 3707 1222 3781 ordinaretur
1235 3730 1322 3778 eum

242 3832 327 3879 vero
339 3804 474 3895 titulo,
493 3805 559 3877 sed
572 3809 650 3879 sine
666 3805 767 3878 illius
783 3809 1032 3904 possessione,
1053 3817 1220 3904 peccaret
1236 3804 1322 3904 qui·

244 3904 328 3977 dem
348 3909 473 3976 contri
492 3919 715 4005 praeceptum
733 3904 939 3980 Tridentini
957 3961 967 3994 ‚
984 3905 1049 3977 sed
1061 3930 1135 3977 uon
1148 3907 1319 3977 incurre-

243 4020 300 4076 ret
315 4006 601 4102 suspensionem.
622 4003 830 4078 Advcrtunt
848 4006 892 4078 ll.
915 4002 1035 4101 quod,
1051 4029 1138 4076 cum
1152 4001 1319 4098 untiqui-

243 4099 302 4175 tirs
320 4127 397 4176 nou
412 4101 666 4205 requirebatur
679 4105 808 4181 titulus
826 4101 1009 4180 sufficiens
1025 4100 1074 4177 ad
1089 4102 1320 4182 sustentatio·
1360 4113 1366 4124 '
