2917 4709
278 234 362 331 Cap.
380 208 526 302 tt.·1)ut›.
546 240 573 301 1.
587 218 857 302 Dellatrimonio
873 232 1047 324 secundnm
1060 253 1104 298 se.
1169 203 1232 297 445

137 350 141 357 '
186 332 1233 445 *Probatur5.Ben.XlV.inlandatooperede85¹n.'l.tle.

151 438 197 513 13
209 446 282 517 n.8
300 464 321 517 t.
334 471 355 516 2
369 470 405 544 p.
419 443 490 517 286
501 446 554 518 sic
573 443 827 516 ratiocinatur:
840 442 876 517 in
894 442 991 526 locis,
1003 438 1236 514 trbiTriden-

144 539 275 614 tinum
294 541 565 641 promulgatum
585 556 662 641 est,
679 550 755 623 uon
773 538 854 615 rard
871 542 1071 637 contingit,
1095 537 1236 638 aliquos
1266 578 1267 583 κ

143 635 428 713 Matrimonium
443 638 658 713 contrahere
673 639 826 715 testibus
839 638 990 715 fortuiti)
1003 637 1204 712 astantibus
1226 690 1238 724 ,

144 748 185 808 ct
201 738 375 813 Pardcho
395 735 621 822 reluctante,
641 739 730 837 dein
749 740 826 837 ipse
843 738 993 812 verbulo
1012 736 1132 809 ullum
1151 760 1238 835 pro·

142 834 255 909 serat.
281 835 504 935 Huiusmodi
528 829 749 935 Coniugium
774 837 812 909 in
835 839 1011 910 sententia
1037 834 1128 906 Cani
1145 847 1240 906 esset

142 926 318 1008 validum
342 938 381 1011 in
412 937 551 1008 ratione
575 931 802 1023 contractds,
828 934 894 1008 sed
920 960 996 1021 uon
1021 933 1239 1006 Sacramen-

135 1044 268 1119 tum,
304 1032 352 1106 ob
382 1032 625 1106 sacerdotatis
658 1029 925 1106 benedictionis
963 1031 1160 1105 delectum.
1201 1030 1238 1103 Si

47 1173 58 1193 ·
137 1129 324 1205 Ecclesia
362 1133 581 1205 senteutiam
611 1132 703 1204 Cani
732 1129 884 1205 haberet
920 1131 988 1226 p'ro
1018 1156 1100 1202 vera
1125 1136 1139 1211 t
1164 1125 1239 1201 im'o

113 1292 116 1301 ,
146 1226 254 1302 addo
270 1232 299 1303 si
316 1228 467 1303 baberet
481 1229 622 1302 tantirm
667 1255 706 1301 ro
721 1228 903 1329 probabili
918 1228 935 1327 (
948 1226 1098 1301 deberet
1107 1227 1241 1301 Edcle·

84 1412 88 1419 p
146 1326 205 1399 sia
229 1329 487 1419 contrahentes
513 1257 762 1426 compellere,
788 1344 851 1401 ant
875 1327 1006 1400 saltem
1029 1326 1166 1398 hortari
1192 1324 1240 1398 ad

147 1450 268 1497 suum
284 1440 512 1506 contractum
527 1426 777 1500 renovandum
791 1422 1048 1499 corameodcm
1058 1414 1237 1508 Paroehd,

149 1537 197 1595 ut
220 1528 302 1622 ejus
328 1523 447 1597 verbis
467 1526 530 1597 fiat
554 1526 845 1617 Sacramentum,
869 1550 916 1597 ne
942 1530 1022 1619 ejus
1043 1525 1152 1621 gratid
1181 1521 1238 1595 illi

137 1621 338 1721 ⁴perpetnb
358 1637 534 1696 carerent.
553 1621 694 1696 Deinde
710 1620 860 1708 subdit,
883 1622 984 1723 qnod
1000 1620 1048 1694 ob
1073 1620 1241 1694 eamdem

149 1721 336 1793 rationem
354 1720 520 1796 Ecclesia
538 1746 667 1794 curare
690 1720 839 1794 deberet
855 1720 1049 1792 instaurari
1069 1716 1241 1792 claudesh

148 1817 231 1905 tina
258 1821 428 1919 conjugia
447 1819 534 1891 inita
557 1821 595 1890 in
622 1816 712 1892 locis
728 1875 745 1908 „
763 1818 829 1892 ubi
852 1818 1016 1891 Trideut.
1042 1818 1242 1898 Decretum

147 1918 314 1989 nonest
338 1924 540 2017 receptum.
564 1915 635 1988 Sed
653 1943 738 1990 cum
760 1919 799 1990 in
820 1934 950 1990 neutro
977 1940 1060 1988 casn
1085 1941 1242 1995 renora-

149 2014 299 2087 tionem
319 2014 364 2087 ab
384 2015 548 2111 Ecclesia
572 2017 692 2111 urgeri
714 2013 900 2089 videamus
915 2072 923 2098 ,
939 2015 1241 2106 conjiciendum,

151 2111 260 2226 quod
281 2122 441 2215 'uterque
466 2129 700 2199 contractos,
726 2113 814 2189 licet
836 2112 1039 2189 Sacerdotis
1064 2111 1243 2185 benedic·

149 2222 256 2283 tione
281 2227 421 2301 careat,
446 2210 492 2283 ab
515 2213 679 2284 Ecclesia
704 2214 1025 2307 proSacramento
1050 2210 1241 2284 habeatur.

129 2310 389 2423 'Respondere
405 2323 566 2409 ,possunt
587 2309 817 2400 Adversarii,
838 2308 921 2384 ideb
943 2309 1146 2383 Ecclesiam
1165 2310 1243 2383 nort

121 2430 124 2437 '
154 2435 287 2481 curare
304 2408 357 2481 dev
369 2409 550 2506 praedictis
567 2411 745 2507 conjugiis
761 2405 1029 2493 instaurandis,
1049 2410 1134 2506 quia
1150 2433 1245 2480 cou-

155 2517 296 2578 tractus
320 2508 545 2579 Matrimonii
568 2506 682 2580 semel
703 2506 820 2578 valide
845 2508 956 2578 initus
983 2508 1112 2603 nequit
1136 2505 1244 2577 dein·

155 2626 243 2700 ceps
262 2602 356 2677 effici
373 2606 670 2688 Sacramentum,
692 2620 734 2675 ut
751 2614 876 2676 tenent
891 2605 1060 2703 Vasquez
1074 2658 1083 2690 ,
1099 2604 1246 2676 Ducant

155 2699 267 2773 Pout.
293 2714 330 2772 et
357 2700 420 2773 elii
454 2700 527 2774 Sed
555 2700 753 2800 respondet
780 2702 998 2775 Benedictus
1026 2700 1053 2773 l.
1082 2726 1114 2772 c.
1145 2700 1245 2799 quod

157 2795 269 2895 longe
288 2802 522 2873 communior
549 2799 595 2871 sit
611 2794 789 2872 sententia
806 2799 960 2872 aliorum
979 2801 1054 2872 DD.
1080 2825 1170 2899 quos
1189 2825 1246 2870 se·

113 2946 118 2955 ·
156 2896 285 2994 quitur
304 2896 437 2977 Saucb.
457 2895 502 2969 de
525 2897 629 2969 Matr.
650 2897 675 2967 l.
701 2923 719 2969 2
744 2898 813 2971 dis.
837 2921 877 2993 9,
898 2922 981 2996 quae
1003 2896 1122 2986 docet,
1150 2896 1245 2973 hene
1282 2894 1286 2903 ’

157 3020 265 3095 posse
299 2996 599 3082 Matrimonium,
628 3001 731 3071 antea
756 2995 916 3069 validum
942 2993 1080 3067 insola
1109 2996 1246 3069 ratione

159 3094 391 3184 contractos,
424 3094 585 3193 donique
619 3096 809 3179 renovari,
838 3108 874 3168 et
901 3092 1044 3193 assequi
1073 3095 1246 3167 virtutem

121 3278 125 3287 ὓ
157 3190 723 3271 sacramentiUndbdifficultas
732 3194 918 3292 proposita
935 3219 1007 3263 non
1017 3190 1186 3271 solvitnr;
1205 3192 1246 3265 iu

135 3362 141 3393 ,
158 3287 232 3363 hoc
245 3291 343 3363 enim
362 3290 477 3363 dubio
489 3290 654 3365 Ecclesia
669 3317 744 3363 non
758 3294 955 3388 negligeret
967 3315 1093 3387 urgere
1105 3288 1244 3375 fideles,
1337 3354 1341 3361 .

143 3401 203 3461 'ut
226 3390 264 3460 in
287 3387 360 3460 illis
383 3386 527 3461 casibus
554 3390 723 3488 conjugia
752 3403 991 3477 renovarent,
1014 3412 1061 3460 ue
1082 3403 1248 3461 carerent

160 3483 290 3559 saltem
305 3511 369 3584 spe
384 3486 632 3585 consequendi
647 3490 798 3585 gratiam
814 3545 822 3573 ,
842 3512 953 3587 quam
969 3490 1067 3586 juxta
1082 3508 1247 3559 commu·

133 3588 138 3598 ⁴
156 3585 302 3657 niorem
317 3584 538 3656 ‘sententiam
556 3585 627 3680 ipsi
644 3600 687 3658 ex
708 3586 898 3669 iteratione
914 3583 1123 3658 contractirs
1146 3582 1246 3658 obti-

158 3698 304 3754 nerent.
318 3682 384 3756 His
400 3697 607 3755 tamennon
623 3682 851 3757 obstantibus
867 3740 876 3767 ,
891 3682 1058 3755 laudatos
1069 3682 1248 3754 ‘Benedic-

143 3796 217 3853 tus
249 3782 321 3871 eit,
354 3780 568 3871 sententiam
601 3783 719 3868 Cani,
752 3798 804 3856 tot
829 3783 1031 3856 Doctorum
1064 3780 1245 3877 suffragiis

39 3944 45 3947 ,
143 3878 426 3952 communitam
454 3903 531 3951 esse
559 3878 813 3978 probabilem,
846 3880 1054 3977 secuique
1084 3876 1244 3953 liberum
1300 3939 1308 3971 ,

156 4000 237 4049 eam
253 3976 447 4074 amplecti,
467 3975 605 4076 absque
619 3972 694 4050 ulla
711 3980 842 4052 erroris
861 3993 960 4051 nota.
977 3975 1083 4050 Adde
1102 3979 1243 4075 praxim
1321 4026 1329 4041 ι

157 4072 332 4153 Ecclesioe
365 4075 404 4153 iu
431 4074 673 4153 rerelid‘andis
704 4078 895 4180 conjugiis
920 4081 996 4181 jam
1026 4076 1242 4152 coram'Pi·
