2917 4709
197 41 272 132 1298
313 39 456 112 Litavl.
468 39 578 111 unci.
589 39 695 112 lee
711 40 1001 128 Eaumna-Unct,
1018 57 1050 109 et
1065 41 1204 109 ornae.
1227 105 1238 116 ,

208 170 268 230 tur
283 154 370 230 dare
385 154 594 232 facultatem
617 152 856 255 dispensandi
880 159 918 228 in
937 155 1199 268 impedimento
1218 165 1235 239 ,’
1249 152 1288 225 iu

204 280 380 427 stit-⁸1⁰.
394 252 1147 432 titilltttttl.fintitio?
1160 254 1292 423 til.

203 449 269 522 tibi
285 451 431 527 obsistat
445 452 726 546 impedimentum
742 451 961 524 conantium.
978 449 1038 524 nd
1059 463 1200 523 textum
1223 475 1289 521 au·

206 563 279 621 tem
298 555 408 652 supra
424 549 577 626 allatum
594 549 860 651 respondetur,
877 547 977 647 quod
993 548 1045 622 ibi
1060 564 1227 647 ageretur
1243 547 1294 620 de

204 647 377 722 facultate
403 649 604 724 necessaria
635 675 723 723 cum
751 650 834 723 data
860 673 1057 737 connexa,
1086 662 1128 721 ut
1153 647 1292 746 legenti

234 760 318 821 atat.

206 773 231 845 p
254 846 479 930 Notandum,
492 846 592 946 quod
610 843 979 919 ordinandusdeheat
994 869 1142 943 semper
1154 843 1290 918 habere

202 944 361 1018 Litteras
384 943 659 1019 Testimoniales
681 941 728 1017 ab
746 946 931 1058 Episcopo
953 944 1127 1044 originis3
1147 942 1290 1018 etibmsi

204 1040 243 1114 in
262 1056 367 1117 aetate
382 1043 542 1118 infantili
559 1043 606 1117 ab
626 1042 725 1117 illius
739 1044 897 1119 Dioecear
915 1041 1143 1133 discesserit,
1158 1040 1291 1116 saltem

205 1137 255 1213 ad
270 1142 539 1218 testificandum
556 1143 603 1217 de
618 1139 801 1216 natalibus
820 1168 863 1215 ac
879 1154 984 1216 aetate
1001 1198 1011 1228 ‚
1029 1138 1173 1242 proirta
1192 1142 1227 1214 S.
1246 1139 1290 1215 C.

204 1238 537 1413 resoliptuuarefert
557 1242 599 1316 P.
616 1238 792 1316 Zacharia
807 1239 910 1343 apud
920 1238 1030 1316 Croix
1046 1237 1111 1314 lib.
1127 1238 1153 1314 6
1167 1263 1248 1341 pag.
1267 1261 1290 1309 a

80 1379 89 1386 ·
207 1362 245 1412 n.
263 1365 307 1411 aa
340 1367 369 1416 ι.
1293 1416 1297 1424 .

147 1482 199 1540 79„
255 1438 466 1538 Requiritur
488 1439 535 1512 V.
556 1442 719 1515 Examen
750 1438 796 1512 de
821 1437 986 1514 scientia.
1003 1438 1047 1513 lu
1066 1435 1139 1511 hoc
1161 1433 1292 1511 adrer-

206 1536 380 1624 undum,
395 1536 497 1638 quod
514 1537 775 1615 Tridentinum
791 1563 856 1636 pro
870 1535 1055 1612 initiandis
1070 1535 1118 1608 ad
1133 1533 1295 1609 Ordines

206 1635 371 1710 minores
387 1638 568 1736 requirat,
583 1654 624 1711 ut
638 1637 771 1715 saltem
788 1638 953 1734 linguam
970 1636 1139 1709 Latinm
1158 1631 1295 1705 intelli·

205 1730 316 1848 pann
334 1735 383 1808 ita
397 1735 435 1808 in
449 1760 534 1810 sesa.
551 1737 596 1810 23
610 1764 644 1813 c.
662 1764 699 1813 ιι
720 1734 955 1810 ubidicitur:
971 1733 1134 1807 Maitores
1147 1730 1306 1808 θτᾶὺιαι

203 1829 266 1918 u's,
277 1831 477 1923 puisoltdm
495 1834 662 1908 hunam
680 1834 834 1933 unguem
857 1831 1053 1930 mtedt'gont
1067 1855 1137 1928 per
1154 1843 1304 1926 tempa-

204 1954 281 2002 rum
293 1929 497 2030 interstite,
511 1933 585 2006 nisi
591 1934 692 2006 efud
700 1933 877 2031 Episcopo
892 1929 1058 2026 cupediis
1071 1927 1184 2027 magis
1200 1927 1297 2003 atde·

204 2042 321 2115 retur,
340 2032 577 2124 numerantur.
592 2030 732 2107 Utrum
751 2045 873 2106 autern
885 2029 1092 2129 Episcopus
1109 2027 1227 2129 possit
1237 2053 1313 2112 ors-

206 2123 337 2205 diuare
357 2128 396 2202 in
420 2128 625 2204 minoribus
648 2130 860 2219 clericum,
885 2130 951 2229 qui
972 2128 1116 2224 ignorat
1131 2126 1297 2226 linguam

205 2224 387 2313 Latinam,
402 2228 433 2300 si
446 2253 530 2323 spes
546 2230 593 2301 ait
607 2231 698 2316 fo're,
712 2244 755 2302 ut
768 2232 892 2329 postea
908 2225 1087 2300 addiscat.
1105 2225 1302 2314 Affirmant

205 2308 345 2396 Iunoni
357 2324 500 2401 Menoe.
525 2326 697 2403 Turrecr.
716 2342 786 2402 etc.
804 2323 905 2426 apud
921 2323 1057 2400 Sauch.
1085 2323 1176 2400 dub.
1193 2325 1240 2419 45
1258 2354 1295 2399 ιι.

211 2447 265 2494 ιο.
281 2420 353 2495 Sed
368 2423 562 2501 meritone
581 2437 648 2500 ‘aut
660 2426 772 2500 Salm.
789 2452 822 2499 c.
838 2424 860 2500 5
876 2425 979 2517 u.‚i3
996 2424 1035 2496 iu
1055 2425 1128 2499 tine
1144 2451 1154 2513 ς
1168 2442 1204 2498 et
1218 2426 1298 2521 ipse

69 2545 73 2554 ·
204 2519 340 2633 Sanch.
360 2549 397 2596 u.
421 2528 462 2617 ιιί
481 2453 668 2600 cumgllav.
684 2540 720 2599 et
733 2521 903 2604 salsedo.
918 2523 1050 2611 Ratio,
1070 2524 1156 2624 quia
1176 2522 1298 2606 illud,

205 2618 282 2690 rusi
294 2619 393 2694 atad
406 2621 584 2722 Episcopo
604 2623 794 2710 ofdsretm',
818 2621 938 2696 verilis
957 2638 1001 2698 at
1014 2624 1304 2708 communituri

203 2717 288 2793 ΠΙ).
305 2718 527 2821 intelligitur
539 2722 685 2798 tautum
698 2721 822 2833 qubad
840 2721 1058 2807 interstitia,
1079 2747 1156 2798 nou
1174 2736 1303 2797 autem

206 2815 331 2915 qubad
362 2821 566 2895 scientiam.
595 2821 737 2894 Verium
769 2847 845 2895 uon
874 2819 1020 2894 videar
1048 2817 1296 2921 improbabile

207 2941 294 2989 curn
303 2917 486 3030 panchea,
501 2936 538 2993 et
550 2895 696 2995 flebuff.
715 2920 771 2994 ib.
790 2916 904 3020 quod,
921 2920 952 2993 si
969 2918 1199 2992 ordinandus
1219 2942 1296 2990 nou

207 3012 331 3088 adbitc
352 3016 445 3090 sciat
464 3017 630 3116 linguam
649 3020 820 3093 Latinam
843 3018 1024 3119 quantiam
1041 3032 1208 3118 oportet,
1228 3015 1315 3090 sed'

207 3111 255 3185 de
272 3113 372 3187 brevi
390 3115 493 3191 certb
513 3133 679 3217 speretur
696 3117 775 3192 fora
792 3132 834 3191 ut
850 3115 1037 3203 addiscat,
1058 3131 1148 3190 tunc
1166 3118 1301 3213 poterit

205 3212 415 3312 Episcopus
441 3240 527 3288 eum
554 3216 753 3302 ordinare;
782 3216 851 3294 sed
879 3214 1010 3288 metius
1039 3215 1190 3314 quidem
1217 3241 1306 3289 meo
1334 3279 1338 3290 .

204 3309 347 3481 ’pudicis
371 3309 502 3400 faciet,
527 3316 556 3387 si
574 3341 655 3388 ιιοιι·
668 3314 869 3390 ordinabit.
888 3312 1027 3387 1th
1046 3309 1232 3388 initiandis
1253 3311 1302 3387 ad

234 3407 522 3486 ubdiaconatum
537 3469 547 3497 ,
563 3430 600 3489 et
616 3417 858 3489 Diacouatum
874 3411 1029 3511 requirit
1041 3413 1250 3486 Concilium
1264 3437 1299 3487 c.

211 3508 254 3581 13
271 3523 317 3582 ut
338 3506 413 3584 siut
435 3511 556 3586 oneris
580 3531 616 3588 et
635 3512 679 3585 its
702 3538 779 3608 qnae
800 3512 852 3584 od
871 3511 1039 3583 Ordinem
1063 3511 1304 3584 exercendum

200 3608 397 3704 pernibent,
423 3610 595 3686 instructi.
626 3610 765 3687 Utrirm
791 3626 914 3683 autem
943 3609 1043 3685 licita
1066 3609 1181 3729 possit
1199 3607 1302 3698 urdi-

205 3705 286 3778 nari
316 3707 603 3797 subdiaconus,
630 3709 690 3784 val
718 3710 864 3784 admitti
885 3706 931 3781 ad
957 3708 1207 3795 Benencium‚
1236 3706 1302 3805 qut

205 3801 329 3879 adhuc
349 3810 466 3882 nescit
481 3808 665 3883 Ordinare
683 3808 856 3884 Officium
874 3806 1038 3883 divinum
1053 3864 1063 3898 ‚
1081 3791 1146 3881 sed
1164 3804 1310 3907 proba-

204 3903 329 3982 blliter
352 3905 406 3985 dc
422 3911 425 3915 ’
441 3903 542 3983 breti
576 3909 815 4008 presumitur
844 3906 1108 3996 instruendus,
1134 3921 1174 3981 ut
1211 3929 1304 4005 pro-
