2917 4709
269 207 314 276 tt
378 207 450 275 Lib.
472 205 533 278 vt.
549 207 657 276 Trsot.
674 207 735 280 It.
750 206 800 274 De
816 205 1021 288 Sacramento
1035 207 1244 278 Poenitentiae.

270 345 349 418 gor.
372 320 453 394 XV.
471 318 712 407 Inscmtabt'b‘,
726 343 839 418 quam
857 318 1088 392 confirmavit
1102 319 1239 392 Bened.
1253 315 1357 393 XIII.

271 420 311 489 in
335 416 445 490 Bnlla
472 416 670 491 Pastoralis
698 443 794 489 anno
824 416 916 515 1726
938 417 998 489 'die
1024 440 1069 536 27
1098 419 1205 491 Mart.
1220 419 1270 490 Et
1283 417 1358 489 hoo

272 519 380 589 etiim
398 543 467 616 pro
487 515 723 591 confessione
748 514 943 616 culparum
967 528 1111 587 tantum
1136 514 1359 602 venialium,

271 631 315 687 ut
328 613 489 690 decrerit
507 616 542 690 S.
562 616 603 689 G.
621 613 720 712 apud
735 612 781 686 de
798 611 900 686 Alex.
916 612 970 686 ib.
989 616 1063 706 Qu.
1083 638 1118 686 2.

321 711 406 785 Not.
432 739 453 786 2
478 711 580 813 quod
596 711 814 786 Conlessarii
832 710 1050 784 Monialium
1066 768 1076 797 ,
1093 710 1218 811 elapso
1239 711 1367 802 trien·¹

271 814 356 897 nio,
375 810 608 884 declarentur
625 810 794 911 suspensi
812 809 858 882 ab
876 811 1070 884 audiendis
1087 813 1247 911 ipsarum
1259 809 1361 883 Con·

110 923 116 948 ⁸
271 908 492 985 sessionibus
507 968 516 997 ,
533 908 604 981 nisi
619 908 806 981 licentiam
822 909 860 982 S.
878 910 919 982 G.
944 907 1158 998 obtineant,
1179 934 1222 983 ex
1267 906 1360 981 luri·

271 1007 343 1082 bus
361 1008 505 1085 Declar.
529 1009 625 1081 SC.
649 1032 668 1079 a
698 1005 750 1079 ud
765 1005 811 1079 de
829 1005 931 1083 Alex.
955 1006 1045 1082 ibid.
1068 1010 1140 1100 Qu.
1164 1008 1200 1083 3.
1257 1006 1360 1080 thoe

271 1106 369 1180 salet
380 1108 488 1181 etium
503 1134 571 1209 pro
585 1035 822 1179 Conldssariis
839 1105 1214 1189 Conservatoriorum,
1227 1131 1269 1179 ex
1284 1104 1361 1180 alio

271 1206 430 1281 uecreto
455 1205 508 1279 ib.
532 1207 642 1279 Putat
660 1219 782 1294 tamen
807 1203 1048 1305 probabiliter
1073 1203 1120 1276 de
1144 1203 1246 1278 Alex.
1265 1202 1358 1276 ibid.

272 1303 390 1403 quod,
401 1304 433 1376 si
449 1302 581 1402 uliquis
596 1303 844 1382 confessarius
859 1303 1014 1401 eligatur
1033 1328 1100 1403 pro
1118 1300 1374 1403 supplemen-'

273 1416 313 1476 to
329 1458 339 1491 ‚
358 1401 454 1477 bene
471 1405 585 1502 possit
606 1402 816 1473 confirmari
838 1428 904 1501 per
925 1401 1026 1475 aliud
1052 1402 1253 1474 triennium
1275 1412 1371 1500 post.

275 1515 421 1598 tempus
437 1500 705 1601 supplementi,
723 1502 808 1599 quia
824 1498 1023 1598 prohibitio
1039 1500 1086 1573 de
1099 1525 1176 1572 non
1189 1496 1363 1598 eligendo

273 1599 506 1673 confessario
521 1599 615 1672 uitri
632 1598 832 1670 triennium
847 1655 857 1688 ‚
872 1597 982 1696 proiit
997 1597 1123 1671 odiosa
1139 1654 1149 1689 ‚
1164 1597 1290 1672 stricti
1303 1622 1362 1670 ao-

275 1696 447 1797 eipieuda
471 1713 526 1770 est
550 1696 597 1770 de
617 1697 797 1772 electione
822 1696 1032 1785 ordinaria,
1060 1723 1138 1770 non
1162 1695 1361 1771 extraordi-

274 1821 390 1868 narra.

325 1892 492 1968 Advertit
508 1893 617 1966 etiim
643 1890 689 1965 de
705 1891 809 1967 Alex.
830 1896 876 1987 Q.
898 1895 923 1988 ,4
946 1895 985 1967 in
1008 1895 1103 1982 fine.
1124 1893 1227 1994 quod
1238 1895 1360 1994 ‘Epis-

275 1993 362 2092 copi
377 1995 416 2064 in
435 1989 620 2090 aliquibus
639 1989 753 2082 locis,
771 1993 911 2067 ratione
931 1992 1150 2084 delioientiae
1171 1993 1360 2066 Confessa-

237 2143 239 2152 ·
276 2094 417 2206 riorum
440 2089 676 2206 idoneorum,
693 2090 817 2162 sinant
842 2093 942 2190 ipsos
970 2092 1102 2165 durare
1130 2090 1227 2167 ultri
1249 2090 1359 2165 trien-

275 2216 395 2265 nrum.

326 2285 494 2360 Advertit
514 2284 611 2359 idem
636 2284 882 2360 de'Atexand.
899 2313 986 2361 oum
1005 2287 1165 2361 Bordon.
1181 2289 1316 2380 Quaest.
1334 2288 1357 2363 5

278 2388 381 2485 quod
405 2383 603 2481 aliquando
620 2384 799 2457 Moniales
817 2387 956 2483 possint
974 2412 1142 2461 recusare
1158 2386 1356 2459 Confessu-

277 2487 377 2558 rium
394 2483 440 2557 ab
453 2485 640 2583 Episcopo
655 2482 870 2583 deputatum
886 2540 895 2570 ‚
911 2510 954 2557 ex
969 2489 1063 2585 justa
1078 2511 1207 2572 eausa,
1223 2482 1356 2583 nempti

277 2584 310 2656 si
325 2582 574 2656 Conlessarius
590 2582 818 2680 sitinimieus
835 2586 1132 2684 propinquorum
1150 2582 1361 2684 aliquarum

279 2681 516 2767 Monialium‚
531 2680 588 2754 vel
604 2681 634 2753 si
649 2682 697 2754 sit
713 2681 821 2753 nimis
836 2681 997 2780 rigidus,
1016 2696 1088 2757 eto.

327 2781 409 2853 Not.
423 2780 457 2854 3.
502 2779 575 2853 uod
591 2777 856 2879 prohibeantur
868 2778 952 2876 eligi
966 2782 1004 2853 in
1020 2780 1265 2854 Conlesssrios
1280 2781 1360 2853 Mo-

277 2879 434 2951 nialiuur
493 2878 594 2952 roarii
616 2879 838 2963 Consules,
860 2878 1039 2970 Paroobi,
1063 2881 1094 2953 si
1111 2905 1198 2953 cura
1218 2877 1361 2952 notabi-

277 2974 363 3049 liter
380 2974 596 3068 laederetur,
611 3000 738 3050 omnes
754 2975 973 3073 Regulam,
993 3003 1036 3050 ex
1057 2975 1228 3078 pluribus
1242 2979 1358 3052 Decr.

278 3072 314 3147 S.
335 3077 376 3149 C.
398 3074 498 3175 apud
522 3073 567 3148 de
594 3074 698 3151 Alex.
723 3102 758 3147 c.
779 3075 840 3172 65
863 3075 888 3150 6
910 3080 982 3169 Qu.
1008 3077 1043 3150 6.
1068 3076 1160 3149 Item
1180 3076 1361 3151 Canonioi

277 3172 567 3259 Poenitentiarii‚
586 3198 629 3247 ex
643 3172 703 3251 alii
717 3171 862 3247 Declar.
882 3175 916 3246 S.
934 3174 975 3247 C.
997 3174 1169 3249 Consilii.
1191 3173 1263 3248 Sed
1295 3200 1358 3247 eos

276 3296 385 3446 ppsse
402 3270 517 3464 pepigi,
541 3274 572 3346 si
587 3272 797 3373 Episcopus
824 3272 931 3348 aliter
952 3271 1158 3370 judicaret,
1179 3274 1290 3348 sentit
1314 3272 1364 3348 do

329 3396 382 3443 ex.
438 3397 473 3443 u.
521 3425 530 3446 .

327 3396 580 3562 Notanduind
600 3468 701 3569 quod
719 3493 762 3546 ex
780 3467 886 3542 Decl.
907 3468 942 3541 S.
963 3469 1004 3542 C.
1019 3468 1117 3568 apud
1133 3467 1236 3543 Alex.
1258 3470 1305 3562 Q.
1325 3472 1365 3545 8.

306 3565 1365 3666 raeolpiatur.utssoefessionallamonirliumamoveanturi

276 3589 459 3754 detritus,
473 3665 529 3740 vel
543 3664 622 3740 aliis
637 3665 730 3741 locis
741 3665 908 3771 occultis
919 3680 956 3740 et
970 3664 1249 3742 collocenturin
1264 3680 1366 3740 exte·

279 3764 438 3839 rioribus
464 3762 652 3844 Ecclesiae.
674 3765 721 3840 Io
743 3765 953 3840 necessitate
977 3779 1100 3840 temen
1123 3762 1209 3840 lieet
1230 3763 1362 3840 audire
1451 3783 1452 3790 ’

279 3861 531 3940 Conletsionos
546 3864 584 3938 io
599 3860 672 3938 elio
689 3861 795 3953 loeo,
812 3861 925 3937 rnodd
939 3864 1070 3938 vitetur
1087 3855 1255 3963 sspeotus
1265 3862 1363 3937 Con-

279 3959 418 4039 iesssrii
434 4016 442 4049 ‚
463 3961 694 4046 etblouislis,
714 3977 756 4035 ut
770 3960 920 4036 advertit
934 3960 984 4034 ibi
1000 3962 1163 4038 debltx.

327 4060 542 4141 Notandum
557 4060 579 4140 5
592 4060 823 4162 stipendium
839 4059 1063 4144 Confessarii
1080 4079 1157 4140 uon
1176 4075 1284 4165 posse·
1302 4084 1368 4142 ex·
