2917 4709
264 187 332 257 stt
479 188 552 256 Lib.
568 188 628 279 tt
645 189 753 257 Traet.
769 188 829 261 Vl.
844 189 1123 261 Dellatrimouio.

266 303 403 373 tionem
419 300 720 375 excusabunturt
732 318 915 403 praecepto
927 303 1135 389 charitatis,
1151 303 1354 404 quodcum

267 403 365 497 gravi
384 400 620 475 incommodo
634 426 708 472 nou
721 402 858 498 ‘obligat
871 404 886 473 Β
898 406 1132 502 Quapropter
1147 403 1277 476 melius
1292 404 1351 476 di·

269 498 429 570 cendum
446 500 540 571 mihi
559 515 594 570 et
611 497 692 571 aliis
706 499 822 574 ductis
836 500 1042 600 junioribus
1060 500 1353 576 ridebaturcum

266 598 398 673 Patr).
413 623 434 668 2
448 622 487 695 p.
504 624 545 669 12
560 624 598 669 n.
613 622 649 695 9,
666 613 756 671 tunc
773 599 865 673 filios
886 600 999 673 teneri
1015 596 1086 671 sub
1103 603 1248 674 mortali
1262 598 1352 673 obe·

269 695 346 768 dire
364 694 596 793 parentibus,
616 694 662 768 ab
682 696 895 795 hujusmodi
911 698 1144 773 Matrimonia
1159 698 1352 772 abstinen-

270 793 337 879 do,
355 792 505 895 quando
517 811 670 893 possunt
682 798 760 868 sine
776 797 873 891 gravi
886 821 953 869 suo
969 797 1217 871 incommodo.
1230 790 1353 870 Tanto

267 895 394 985 magis,
413 893 513 991 quod
526 897 585 987 (ut
601 892 732 967 dicunt
745 896 824 992 ipse
841 895 974 967 Sancb.
996 893 1021 967 l.
1044 922 1073 969 r.
1091 897 1136 968 Ι).
1162 900 1204 990 rai
1217 925 1256 968 n.
1276 894 1354 970 ὅθι

268 990 411 1063 Holzm.
432 1017 468 1064 u.
493 991 590 1084 266)
610 989 824 1089 hujusmodi
845 993 1041 1079 scandala,
1061 997 1228 1093 quirnris
1245 998 1352 1067 antei

270 1094 476 1187 jactentur,
496 1092 588 1161 initu
606 1105 727 1163 tamen
741 1090 976 1165 Matrimonio
991 1091 1096 1164 facile
1114 1107 1353 1180 evanescant,

269 1204 306 1259 et
329 1188 440 1260 animi
458 1186 715 1261 concilientur.
735 1190 939 1279 caeterum,
962 1217 1048 1264 curu
1069 1190 1140 1262 hoc
1157 1192 1205 1264 sit
1224 1204 1352 1265 contro

269 1311 526 1457 pomonam,
545 1290 738 1386 propterea
753 1289 981 1388 sapientibus
998 1286 1273 1363 discutiendum
1290 1313 1354 1362 re·

283 1412 322 1457 rn
351 1411 410 1457 uo.

215 1527 264 1581 ⁸52
323 1410 348 1548 Ξ
362 1507 396 1581 7.
411 1481 584 1556 Resiliens
601 1480 837 1580 culpabiliter
856 1486 873 1554 b
891 1483 1122 1584 sponsalibus
1184 1484 1259 1558 rdit
1271 1508 1354 1558 suas

270 1614 290 1651 2>
321 1583 465 1671 arrhas,
483 1596 520 1653 et
535 1596 680 1654 tenetur
698 1578 908 1655 adulterius
926 1586 1037 1684 partis
1046 1584 1121 1657 red
1150 1584 1289 1668 endas,
1309 1606 1358 1657 ac

269 1713 290 1751 a
320 1681 367 1753 ad
383 1681 671 1763 restitutionem,
689 1681 816 1779 quanti
840 1685 919 1781 ejus
939 1684 1113 1757 intererat
1134 1682 1247 1758 talem
1264 1707 1354 1756 con·

270 1811 291 1855 u
322 1794 477 1852 tractum
496 1778 653 1878 impleri.
673 1809 692 1845 u

321 1878 417 1950 Hinc
437 1891 558 1949 autern
580 1875 784 1953 notandum
805 1875 977 1975 Lquod,
997 1877 1066 1965 sii
1089 1878 1243 1952 muliere
1268 1903 1355 1979 pro·

271 1978 430 2050 mittitur
457 1972 599 2075 aliquid
620 1979 698 2048 viro
714 2030 723 2061 ‚
742 1988 784 2048 ut
802 2002 880 2047 eam
905 1976 1038 2067 ducat,
1056 1976 1175 2052 valeat
1199 1976 1354 2078 quidem

273 2076 467 2185 promissio
486 2073 620 2174 ‚proiit
637 2071 794 2147 liabetur
808 2098 852 2147 ex
865 2100 946 2176 cap.
966 2075 1024 2147 De
1041 2075 1109 2147 stat
1124 2133 1134 2161 ,
1149 2077 1195 2150 de
1211 2072 1353 2149 Condr't.

273 2174 397 2268 appas.
425 2175 509 2270 quia
538 2188 627 2244 tunc
649 2173 840 2271 promissio
864 2175 1102 2271 praesumitur
1125 2175 1219 2248 lacta
1242 2174 1354 2249 causa

276 2270 383 2343 dotis.
402 2271 512 2345 Seclrs
528 2274 557 2343 si
576 2272 630 2342 vir
644 2273 836 2369 promittat
852 2270 995 2373 aliquid
1015 2270 1185 2359 mulieri,
1202 2274 1231 2345 si
1250 2270 1356 2345 secius

274 2372 462 2468 nupserit,
490 2370 574 2468 quia
600 2385 689 2441 tuuc
714 2368 907 2467 promissio
930 2371 1163 2468 praesumitur
1188 2371 1283 2444 faeta
1306 2368 1357 2445 ob

277 2493 422 2541 causam
438 2483 606 2569 turpem,
621 2467 755 2561 nempe
776 2466 939 2541 lrbrdnns
955 2467 1146 2568 explenda}
1161 2494 1172 2563 ;
1188 2470 1236 2542 irt
1249 2490 1358 2544 com·

274 2566 584 2640 muniterSancb.
607 2566 632 2639 Ι.
658 2593 669 2637 r
692 2566 736 2639 D.
760 2564 806 2642 33
829 2566 909 2640 ωδ
930 2582 966 2640 et
985 2567 1098 2642 Saltu.
1122 2595 1153 2641 c.
1179 2593 1259 2641 an.
1290 2566 1358 2642 ros

276 2691 361 2740 curn
381 2665 460 2739 aliis·
475 2667 608 2766 passim
625 2721 634 2747 ,
650 2690 694 2737 ex
713 2663 738 2738 l.
757 2665 794 2736 n·
805 2663 854 2736 ita
868 2664 1075 2763 stipulatas,
1092 2665 1172 2763 §si
1183 2665 1246 2738 u‘bi
1245 2669 1296 2762 ff
1313 2662 1360 2736 de

277 2763 422 2839 Verbor.
438 2764 556 2862 signifi
576 2762 639 2837 ubi
661 2762 696 2834 id
715 2759 882 2860 expresse
898 2761 1067 2837 habetur.
1085 2765 1284 2864 Excipiunt
1301 2778 1359 2835 ta-

275 2886 362 2935 men
378 2922 385 2946 ,
404 2864 435 2935 si
451 2863 505 2935 vir
520 2866 566 2936 sit
580 2859 750 3060 ῐὶιιοὺίϋε
771 2876 833 2933 aut
847 2886 977 2946 senex,
996 2877 1033 2936 et
1046 2863 1181 2937 mulier
1195 2863 1242 2935 sit
1253 2859 1361 2935 uobi-

275 2959 321 3032 lis
338 2977 401 3033 aut
418 2964 577 3057 juvenis3
627 2962 682 3033 uia
702 2977 790 3033 tuuc
810 2959 1002 3060 promissio
1022 2958 1117 3058 juste
1137 2959 1176 3033 fit
1197 2960 1235 3032 in
1253 2984 1361 3033 com·

277 3061 530 3228 pensationem
549 3060 750 3134 nobilitatis
769 3074 831 3131 aut
847 3058 1070 3157 juventutis,
1089 3082 1133 3131 ex
1147 3057 1170 3131 l.
1187 3058 1362 3161 Mulieres

310 3159 379 3229 ‚de
398 3159 450 3227 Dr'
467 3160 528 3232 nit.
983 3162 987 3167 ’
1062 3189 1067 3197 ·

221 3272 269 3329 est
325 3187 538 3329 Notauilum
562 3255 606 3330 Π.
634 3252 736 3353 quod
761 3252 945 3353 primissio
971 3278 1087 3355 poenae
1116 3251 1294 3354 appositas
1320 3250 1362 3324 iu

277 3351 510 3451 sponsalibus
530 3354 568 3426 in
591 3355 810 3426 resilientem
832 3353 878 3423 sit
896 3351 1026 3423 illicita
1049 3368 1086 3425 et
1107 3348 1291 3433 invalida.
1317 3372 1363 3423 ex

277 3476 312 3523 c.
333 3451 485 3525 Gemma
500 3508 509 3540 ‚
527 3452 572 3524 de
590 3450 760 3549 Sponsul.
784 3451 872 3547 quia
894 3476 957 3549 per
977 3449 1191 3549 hujusmodi
1210 3472 1362 3559 poenam

275 3549 499 3627 Matrimonii
519 3548 667 3622 libertas
692 3548 914 3641 laederetur3
934 3551 982 3622 itt
1002 3547 1040 3622 in
1061 3548 1162 3625 textu
1180 3546 1329 3649 praefato
1351 3572 1364 3615 r

276 3649 365 3720 Cum
380 3649 497 3745 itaque
508 3647 615 3721 libera
628 3644 859 3719 Matrimonia
876 3671 957 3718 esse
972 3645 1123 3725 debeant
1138 3703 1148 3735 ,
1166 3662 1202 3719 et
1214 3647 1293 3718 ι’ἅεὸ
1305 3659 1365 3716 ta·

276 3745 321 3818 lis
346 3746 521 3844 stipulatio
535 3743 544 3761 '
549 3761 691 3840 propter
709 3768 818 3843 paena
842 3742 1139 3837 interpositionem
1168 3743 1217 3816 sit
1243 3739 1367 3814 martiri

277 3843 516 3937 inprobanda.
533 3843 628 3916 Hinc
642 3838 941 3917 communissimb
955 3842 1270 3917 dicuntDoctores
1279 3864 1367 3940 pec-

275 3968 363 4041 care
382 4002 389 4024 ,
414 3945 477 4042 qui
501 3941 682 4043 sponsalia
708 3967 793 4016 curn
813 3941 883 4014 bac
903 3966 1013 4047 poena
1030 3938 1266 4019 contrahunt.
1286 3936 1366 4011 Alii

279 4040 362 4115 vot
380 4040 509 4119 dicunt
524 4066 601 4118 esse
613 4038 770 4123 mortale
786 4096 797 4143 3
820 4054 861 4115 ut
876 4038 1015 4115 Ranae.
1030 4064 1093 4141 qu.
1115 4058 1131 4116 t
1154 4067 1191 4142 p.
1208 4037 1267 4117 ult
1279 4063 1318 4113 n.
1336 4036 1362 4111 3
