2917 4709
251 174 315 254 4'26
438 158 540 278 “miili
570 174 1115 280 vr..Trser.v1.neMmtmsnto.

251 294 471 371 incidentia
489 278 766 386 fornicationem
781 354 789 388 ,
806 299 1009 393 remedium
1024 322 1098 375 non
1112 295 1235 372 solitar
1250 274 1337 395 peri

250 390 387 493 mittit,
408 395 472 469 se'd
491 394 638 476 suadet,
660 397 839 495 dicendo,
857 398 1091 497 unusquisque
1112 423 1215 469 suom
1235 422 1329 468 uxo·

249 517 324 565 rem
350 492 488 566 tabeat.
513 497 563 567 Et
585 496 749 610 quintrio
766 495 875 568 addat
894 525 903 565 ε
923 496 1013 569 Hoc‘
1028 512 1146 567 antem
1171 494 1250 567 dieo
1268 500 1329 564 se&

251 590 400 665 ctt'ndim
416 592 684 691 indulgentiam,
703 588 776 665 non
794 596 983 666 secundnm
1003 593 1197 688 imperinm.
1215 590 1258 665 ld
1274 606 1330 688 ta·

250 714 336 763 men
360 690 496 788 profert
511 716 579 791 pro
594 692 650 779 iis,
670 697 732 790 qui
752 716 828 769 non
845 707 932 766 suut
951 692 1238 776 incontinentes,
1250 691 1330 789 qui·

251 784 324 862 bns
348 786 491 862 tantiam
523 793 697 886 permittit
720 790 880 875 nubere,
907 790 971 865 sed
996 790 1129 864 suadet
1149 793 1169 862 ὲ
1192 790 1330 888 nuptiis

254 885 458 976 abstinere,
480 887 569 960 dum
592 890 639 961 ait
658 916 665 961 :
681 890 772 962 Dico
789 905 905 961 autern
921 914 993 959 non
1010 890 1128 984 nuptio
1145 904 1183 959 et
1202 888 1329 972 enen,

253 981 381 1056 bonum
397 984 525 1056 estt'llir
537 986 882 1085 sr'si'cpermnneont,
896 987 1032 1059 sititet
1043 1013 1119 1085 ego.
1130 984 1261 1086 Neque
1272 984 1330 1058 tto

251 1081 464 1180 indulgentia
476 1084 650 1184 importat
665 1087 941 1185 permissionem
957 1085 1077 1185 cnlpae
1092 1087 1257 1183 veniatis,
1269 1108 1331 1175 ve-¹

253 1180 331 1255 ritas
344 1184 442 1254 enim
454 1183 468 1277 (
479 1200 519 1255 ut
533 1182 582 1256 ait
596 1186 699 1256 Pont.
714 1208 799 1255 curn
811 1186 914 1257 Estio
929 1237 938 1269 ,
952 1182 1062 1256 Salm.
1076 1199 1113 1255 et
1131 1183 1261 1275 Corn.)
1277 1183 1332 1253 in·

254 1277 407 1379 dulgere
430 1305 505 1352 non
530 1297 584 1354 est
608 1286 749 1355 reniam
770 1283 856 1355 dare
874 1281 921 1354 ad
936 1281 1061 1355 leviter
1077 1280 1329 1381 peccandum,

133 1382 137 1389 '
252 1378 320 1451 sed
339 1379 602 1477 permitterent
619 1381 775 1454 licitum.
792 1383 1020 1454 Cumantem
1038 1382 1084 1454 n.
1106 1381 1245 1453 Paulus
1262 1403 1328 1450 ser·

252 1500 401 1550 monem
415 1493 561 1550 revocat
577 1478 622 1551 ad
642 1470 716 1565 eos,
738 1480 905 1578 quisunt
927 1481 965 1551 in
985 1476 1155 1578 periculo
1173 1476 1331 1552 inconti-

254 1577 410 1665 nentia,
434 1603 508 1648 uon
522 1576 640 1650 solium
663 1576 863 1677 permittit,
876 1578 939 1650 sed
955 1584 1064 1650 etiim
1084 1578 1184 1676 ipsos
1203 1574 1249 1665 ad
1266 1601 1331 1647 nu·

249 1670 420 1747 &ndum
444 1673 611 1748 absolute
636 1675 826 1761 hortatur,
853 1676 978 1749 dicens
1008 1679 1193 1781 (vers59)
1209 1704 1218 1745 ε
1236 1672 1336 1843 iim

253 1770 291 1844 ti
309 1798 380 1845 non
407 1800 446 1846 se
471 1774 673 1859 continent,
693 1772 849 1857 naboan
872 1773 996 1849 meliis
1010 1789 1064 1846 est
1079 1776 1174 1846 enim
1189 1798 1236 1845 nu
1257 1795 1332 1856 ere,
1438 1820 1439 1843 2

250 1872 359 1971 qndrn
378 1873 441 1945 uri.
461 1870 515 1945 To
531 1877 630 1944 enim
647 1873 779 1944 nubunt
793 1872 914 1946 verius
932 1873 1202 1957 hortationem,
1224 1872 1331 1970 quim

255 1971 555 2068 permissionem,
581 1971 630 2045 im
662 1988 767 2043 ortat.
787 1968 831 2044 ld
848 1969 942 2045 beni
960 1972 1206 2045 confirmatur
1228 1970 1272 2041 ab
1291 1990 1332 2038 eo

259 2067 359 2167 qnod
389 2066 479 2140 dicit
505 1997 700 2169 Apostoins
725 2067 859 2141 eodem·
876 2067 985 2166 ioco(
1000 2097 1028 2143 r.
1043 2070 1131 2142 Cor.
1153 2094 1188 2168 7.
1207 2068 1254 2161 5)
1273 2063 1333 2137 ubi

256 2163 414 2264 loquens
434 2165 480 2238 de
505 2169 731 2265 Conjugibus
757 2166 883 2241 scribit
906 2167 1052 2241 :Nolite
1064 2166 1235 2255 fraudare
1249 2161 1333 2235 taat-

257 2282 333 2339 cem
349 2288 364 2345 ,·.
377 2264 449 2336 nisi
457 2261 548 2351 finti
566 2292 614 2337 ee
629 2291 802 2337 consensu
821 2267 872 2337 nd
885 2278 1041 2365 ternpus,
1057 2279 1095 2337 ut
1111 2263 1243 2338 nocetis
1255 2286 1331 2335 orc-

251 2361 346 2435 tioni
357 2387 368 2441 ,·
391 2364 563 2434 etiterum
584 2365 795 2436 revertimini
816 2365 852 2434 r'n
876 2362 1045 2461 idipsum,
1070 2389 1117 2436 ne
1140 2376 1252 2435 tentet
1276 2382 1335 2430 aasw
1438 2392 1439 2395 ¹

255 2459 415 2532 Satanas
437 2477 578 2557 propter
601 2462 887 2535 incontinentiam
911 2479 1069 2535 vestram.
1091 2462 1129 2534 si
1151 2462 1239 2534 ticet
1253 2453 1334 2557 ergi
1438 2544 1439 2547 Ἴ

259 2556 485 2657 Coniugibus
505 2557 671 2632 debitum
690 2580 831 2658 petere,
848 2559 993 2633 tantirm
1008 2558 1056 2632 ad
1075 2552 1263 2632 vitandam
1278 2557 1333 2628 in·
1438 2552 1439 2605 i

258 2662 543 2749 continentiam,
558 2657 682 2733 licebit
701 2660 808 2732 etiem
827 2662 873 2731 ob
890 2658 1062 2732 eumdem
1082 2660 1196 2733 finem
1212 2654 1334 2732 Matri·
1438 2674 1439 2677 ’

151 2806 154 2811 -
203 2770 205 2779 ’
257 2779 427 2831 monium
448 2756 553 2853 inire.
581 2758 677 2831 Hinc
699 2760 731 2830 S.
750 2759 907 2831 ioannes
922 2754 1204 2855 Chrysostomus
1221 2750 1332 2850 expli·

259 2880 345 2928 cans
373 2860 509 2928 textum
535 2856 702 2955 Apostoli
725 2913 733 2940 ‚
754 2857 897 2953 inquit,
916 2882 1027 2928 unam
1053 2882 1095 2929 ex
1113 2854 1253 2930 causis.
1272 2873 1335 2924 cur

258 2952 358 3028 Dens
384 2955 584 3028 instituerit
607 2955 905 3039 Matrimonium,
933 2980 1031 3044 esse,
1057 2970 1098 3027 ut
1118 2955 1251 3027 vitetur
1275 2949 1333 3020 in·
1438 2976 1439 3009 t

260 3048 485 3125 continentis
503 3108 511 3137 ,
526 3079 571 3126 en
589 3060 668 3148 ejus
685 3052 793 3125 rerba
810 3081 817 3124 :
838 3054 922 3154 Quor
937 3052 1120 3151 igituirfut't
1132 3078 1241 3125 cousn
1254 3069 1334 3119 con·

253 3148 376 3248 jugti'?
394 3152 445 3221 Et
467 3174 529 3223 cur
549 3151 636 3223 ittet
648 3153 766 3224 datum
789 3169 843 3223 est
867 3152 1027 3222 dirr‘rn'tus
1039 3156 1060 3222 ί)
1074 3151 1176 3222 Audi
1185 3145 1332 3220 Paulum

261 3246 459 3341 dicentem:
475 3247 532 3321 td
548 3249 709 3323 vitandas
723 3252 958 3323 scortationes
974 3251 1240 3350 quisqnesuam
1255 3265 1335 3316 uxo·

260 3366 342 3420 rem
361 3344 492 3421 hebeat
514 3362 571 3422 eto
606 3350 656 3419 'Ut
672 3349 918 3437 scortationem
936 3349 1099 3432 vitemus,
1127 3364 1167 3420 nt
1183 3344 1334 3420 madere·

263 3466 343 3516 mus
355 3448 669 3545 concupiscentium
684 3501 693 3533 ,
711 3448 868 3519 contenti
882 3471 992 3518 uxore
1006 3445 1165 3545 propriu,
1188 3444 1257 3517 tor
1271 3462 1334 3509 πθ·

263 3540 318 3614 tis
329 3545 434 3639 affm
447 3544 643 3645 confugium
659 3603 668 3629 ‚
682 3542 740 3617 laic
755 3543 999 3646 ejussrnrtns‘,
1020 3543 1089 3616 hot
1105 3545 1188 3616 inde
1209 3544 1332 3614 nemu

265 3655 342 3726 est,
362 3640 399 3711 in
416 3641 485 3716 hoc
499 3646 688 3742 querende
705 3643 852 3735 nuptant,
872 3659 909 3714 nt
931 3644 981 3712 ad
998 3643 1111 3719 ,ritum
1134 3639 1258 3736 patret
1273 3631 1333 3704 de·

262 3737 418 3842 pendam
434 3765 502 3813 nos
525 3746 700 3835 adiuvent.
719 3743 770 3812 tn
790 3739 824 3813 S.
847 3742 986 3816 Ductor
1000 3742 1109 3816 Hom.
1128 3764 1153 3839 9
1170 3754 1196 3812 t.
1224 3728 1335 3810 6001,

272 3858 325 3937 19.
343 3832 398 3911 td
413 3841 643 3914 auctoritates
655 3840 713 3911 SS.
727 3839 890 3929 Petrum,
905 3864 987 3941 quae
1002 3852 1251 3938 opponuntur,
1264 3854 1334 3934 retr

267 3935 405 4039 ponder
423 3939 561 4030 Auctor
579 3940 828 4027 Petrocorens.
850 3954 876 4011 t.
904 3966 915 4013 r
944 3963 981 4038 p.
1007 3941 1071 4032 ¹4²
1091 3962 1126 4010 r.
1146 3935 1217 4010 Sed
1233 3929 1332 4040 quiaj

269 4034 371 4137 qnod
388 4034 471 4113 iden
492 4038 616 4114 Patres
637 4040 822 4140 Coniuges
847 4037 1048 4140 damnent,
1067 4037 1154 4139 quis
1178 4059 1238 4112 eos
1256 4026 1334 4103 libr·
