2917 4709
238 211 301 302 aot
319 206 326 215 ’
341 209 415 277 Lib.
431 208 490 279 VI.
507 204 616 277 Traet.
632 207 692 275 IV.
716 207 766 275 De
782 205 985 289 Sanameuto
999 207 1208 303 Paenitentia.
1231 240 1236 253 ¹

237 319 326 392 dicit
339 318 473 392 Escob.
485 344 570 392 cum
583 320 781 393 Genuensi.
803 322 838 394 5.
855 323 890 393 Si
906 321 1021 395 factus
1035 323 1083 395 sit
1098 322 1311 422 Religiosus.
1371 334 1378 349 “

236 416 272 490 6.
295 420 330 490 Si
351 421 398 490 sit
414 418 527 490 horno
546 418 698 516 insignis
724 417 936 519 probitatis,
968 435 1005 494 et
1029 421 1141 494 semel
1172 424 1226 496 rel
1256 425 1320 495 bis

235 515 507 606 sollicitaverit,
527 531 569 588 ut
584 517 784 591 Hurtadus.
831 573 839 592 .
854 518 892 589 Si
914 535 996 615 post
1014 520 1314 595 sollicitationem

236 618 358 687 statim
376 614 438 687 det
452 615 554 712 signa
572 613 723 687 doloris.
745 617 781 687 8.
796 543 833 687 di
851 615 965 690 fuerit
978 642 1109 703 senex,
1129 619 1177 691 in
1197 637 1237 694 ut
1249 647 1320 718 pu·

235 728 333 785 tetur
357 739 400 785 ex
418 738 548 811 magna
567 715 734 811 passione
761 712 996 805 sollicttasse,
1022 732 1060 789 et
1084 724 1209 818 postea
1230 719 1314 791 rere

234 812 452 911 resipuisse,
472 828 510 882 ut
524 813 574 883 ait
591 811 742 911 Sylvest.
759 814 845 886 Haec
863 828 984 889 tamen
1001 816 1102 910 signa
1119 815 1206 889 dicit
1219 818 1312 889 Viva

234 908 274 980 d.
296 909 323 981 l.
342 908 485 1007 singula
501 934 576 981 non
591 909 777 996 sufficere,
795 910 865 981 nisi
885 910 989 1009 plura
1006 912 1116 992 simirl
1139 921 1314 1008 coniunc-

232 1022 268 1079 ta
290 1007 425 1081 ‚faciant
444 1021 607 1081 constare
627 1007 674 1079 de
697 1008 963 1083 emendatione.
985 1013 1034 1084 Et
1048 1012 1120 1085 lroc
1137 1013 1243 1087 valde
1258 1027 1315 1087 est

233 1107 463 1192 notandum3
489 1131 575 1179 nam
604 1110 723 1179 reveri
748 1162 757 1192 ,
781 1106 875 1179 sicirt
901 1124 1043 1182 constat
1069 1110 1115 1183 de
1134 1111 1316 1200 crimine,

132 1288 136 1301 .
232 1204 344 1278 debet
358 1220 394 1279 et
409 1218 577 1289 constare
590 1202 636 1276 de
652 1204 919 1281 emendatione.
933 1211 982 1279 Et
998 1209 1099 1307 quod
1116 1206 1251 1282 dicitur
1264 1208 1315 1282 de

231 1303 509 1391 sollicitatione,
528 1303 636 1375 etiam
653 1302 853 1379 dicendum
868 1318 924 1377 est
937 1301 984 1381 de
999 1306 1078 1379 aliis
1094 1308 1317 1381 criminibus.

119 1458 123 1487 ,
233 1400 279 1475 de
293 1402 425 1475 haeresi
441 1406 631 1501 suspectis.
1110 1425 1112 1429 ’
1224 1446 1227 1453 ·

280 1500 456 1592 Quamvis
479 1500 690 1598 predictam
719 1501 874 1600 primam
889 1502 1104 1576 sententiam
1121 1504 1204 1576 satis
1222 1530 1313 1601 pro·-

229 1597 393 1672 babilem
417 1596 624 1673 existiment
646 1601 825 1672 Auctores
851 1603 971 1688 citati,
995 1600 1159 1674 absolute
1185 1615 1311 1677 tamen

121 1744 126 1751 -
232 1697 519 1798 probabiliorem
532 1721 609 1769 esse
624 1696 749 1794 judico
762 1699 962 1771 secundam
974 1702 1210 1782 sententiam,
1226 1725 1313 1798 quaa

231 1796 361 1880 docet,
387 1795 660 1868 Confessarium
679 1799 786 1868 etiarn
808 1796 1042 1869 emendatum
1058 1823 1135 1871 esse
1162 1799 1313 1871 denun-

231 1895 419 1967 ciandum.
447 1892 573 1983 Ratio,
593 1896 678 1992 quia
701 1894 868 1968 Pontifex
892 1922 1030 1991 magis,
1051 1906 1160 1994 qnam
1178 1924 1309 1969 emens

230 1992 417 2065 dationem
436 1993 504 2076 rei,
523 1995 602 2089 ejus
621 1994 853 2090 punitionem
870 1992 1048 2075 intendit,
1066 1994 1114 2067 ad
1133 1994 1311 2071 damnum

228 2089 407 2164 Ecclesiae
435 2088 707 2187 reparandum,
726 2105 763 2162 et
782 2090 829 2164 ad
858 2091 1131 2166 resarciendum
1158 2094 1312 2168 scanda-

230 2189 324 2263 lum.
344 2192 394 2261 Et
406 2186 489 2259 idei)
502 2188 671 2271 sancivit,
686 2194 862 2285 utsupra,
877 2188 1199 2265 denunciationem
1213 2194 1309 2281 fieri,
1342 2236 1348 2243 ·

230 2288 334 2361 nulli
350 2287 580 2385 correptione
592 2284 751 2358 fraterni
768 2288 970 2386 praemissd;
986 2314 1068 2389 quae
1086 2290 1210 2389 utique
1223 2316 1313 2389 prae·

229 2385 409 2459 mittenda
429 2398 544 2468 esset,
568 2385 599 2456 ai
624 2385 832 2457 emendatio
853 2390 928 2470 rei,
944 2403 978 2457 et
999 2414 1073 2460 non
1095 2392 1236 2486 punitio
1254 2391 1311 2461 in·

229 2502 330 2558 tenta
345 2482 596 2582 principaliter
611 2496 719 2555 esset.
733 2482 785 2554 Iu
799 2485 901 2557 Suar.
911 2486 1005 2557 Bon.
1016 2492 1121 2559 Azor.
1136 2501 1172 2559 et
1187 2488 1311 2586 plures

231 2609 318 2655 cum
341 2581 455 2655 Salm.
481 2607 563 2679 cap.
585 2583 608 2672 4
634 2606 671 2652 n.
686 2605 744 2679 77.
762 2583 825 2681 qui
840 2581 936 2656 hauc
954 2584 1155 2657 secundam
1168 2606 1313 2659 seuten-

228 2686 320 2755 tiam
336 2679 434 2754 certe
452 2678 647 2750 tenendam
665 2702 742 2751 esse
759 2684 875 2778 ajunt.
984 2744 987 2751 Α

172 2813 221 2881 ⁶37
281 2783 401 2872 Quaer.
421 2778 502 2850 Vll.
521 2780 578 2849 An
597 2778 644 2851 sit
665 2776 840 2877 obligatio
856 2778 1106 2853 denunciandi
1122 2782 1314 2857 Confessa-

229 2881 328 2953 rium
347 2933 356 2963 ‚
374 2878 439 2974 qui
455 2875 502 2949 de
513 2875 770 2949 sollicitatione
785 2880 860 2975 jam
873 2877 985 2951 fuerit
999 2880 1084 2951 satis
1100 2882 1312 2969 convietus,

229 2994 265 3049 et
288 2975 469 3077 punitus?
484 2973 634 3047 Certum
652 2989 726 3064 est,
751 2974 871 3073 quod,
888 2979 919 3048 si
934 2980 1011 3073 ipse
1032 2975 1309 3078 delinquatite÷

230 3076 338 3163 riam,
360 3078 553 3173 postquam
571 3074 608 3143 in
629 3074 748 3171 primo
765 3074 917 3145 crimine
936 3074 1044 3146 fuerit
1059 3078 1229 3171 punitus,
1245 3079 1312 3153 ite·

231 3175 316 3247 riam
330 3170 545 3244 denunciari
563 3168 707 3243 debeat.
725 3174 774 3245 Et
785 3172 883 3244 idern
903 3172 1115 3262 dicendum,
1134 3176 1164 3248 si
1184 3176 1230 3249 de
1240 3177 1312 3251 sol-

230 3271 430 3345 licitatione
453 3296 526 3341 non
547 3268 654 3340 suerit
680 3267 788 3363 plene
803 3272 1006 3355 convietus,
1029 3274 1115 3370 quia
1138 3289 1225 3348 tnnc
1240 3300 1311 3348 nec

230 3371 359 3443 fuisset
374 3369 460 3439 satis
480 3367 639 3464 punitus.
656 3366 819 3440 Dubium
837 3366 923 3466 ergo
947 3384 1017 3459 est,
1035 3375 1066 3444 si
1087 3370 1215 3447 etdem
1233 3373 1312 3449 sol-

231 3468 432 3542 licitatione
449 3470 522 3560 jam
541 3464 650 3537 fuerit
670 3467 757 3537 satis
778 3469 964 3541 convictus
980 3524 990 3557 ,
1008 3482 1044 3541 et
1061 3473 1227 3568 punitus.
1242 3473 1313 3548 Ne-

230 3582 317 3666 gant
332 3590 410 3637 esse
427 3564 687 3657 obligationem
706 3564 955 3639 denunciaudi
967 3569 1123 3640 Aenona
1135 3625 1143 3653 ,
1157 3571 1309 3671 Serapb.

228 3668 341 3741 Hurt.
354 3679 422 3736 etc.
434 3660 730 3759 apudSalm.'c.d
747 3690 781 3735 n.
798 3664 952 3765 73.quia
969 3666 1220 3741 Confessarius
1236 3677 1311 3767 jam

226 3759 754 3857 cetrseturemeudatus,juxtl
797 3763 1313 3842 rimamsententiammoasn·

229 3870 294 3966 prb
320 3861 478 3933 allatam.
493 3856 564 3932 Sed
585 3857 691 3954 longe
703 3789 932 3958 proliabilius
950 3862 1129 3937 affirmant
1140 3866 1250 3943 Salm.
1270 3890 1312 3941 n,

141 4044 144 4053 ,
232 3965 383 4062 74cum
391 3956 714 4043 scammoniae
725 3972 805 4031 tum
818 3962 902 4058 quia
917 3975 1005 4037 mne
1020 3987 1096 4039 non
1113 3978 1253 4041 constat
1265 3967 1321 4040 de
