2917 4709
416 197 498 292 Cap.
514 200 543 268 Ι.
557 200 645 269 nub.
655 200 699 268 ΙΙ.
712 200 762 268 De
774 197 992 292 sponsalibus.
1092 162 1095 169 .
1181 196 1248 289 379

169 305 300 384 liorem
313 323 450 385 statum
464 312 620 411 eligere,
641 312 773 409 nempe
791 311 1005 410 Religionis,
1022 323 1086 384 aut
1102 307 1249 385 caeliba-

168 406 249 498 tirs;
266 412 353 484 item
366 409 470 483 addit
488 438 525 483 n.
545 433 603 509 71.
625 438 711 486 cum
728 411 862 486 Sanclr.
875 411 975 483 Gutt.
994 424 1064 484 etc.
1084 408 1198 507 quod,
1220 407 1250 480 si

169 506 267 580 filius
285 512 358 607 jam
376 509 557 607 sponsalia
579 511 824 595 contraxerit,
849 514 867 582 t
888 506 1021 606 quibus
1044 534 1118 580 non
1140 507 1252 607 possit
1317 576 1320 581 .

167 604 263 701 juste
275 606 446 682 recedere
461 633 558 697 ,non
572 609 704 708 poterit
714 621 818 710 pater
833 633 918 683 eum
939 630 1064 706 cogere
1079 605 1126 679 ad
1140 606 1251 679 aliam

171 700 394 778 ducendam.

215 803 339 894 Qnter.
361 803 424 877 ΙΙΙ.
448 829 494 876 an
515 802 685 877 notabilis
710 803 901 901 disparitas
921 801 1159 886 conditionis,
1190 785 1307 873 aut⁸⁵'

168 901 283 973 statiis
309 905 403 975 inter
425 901 679 976 contrahentes
700 903 817 976 irritet
836 903 1017 998 sponsalia
1041 900 1254 975 contracta?

166 997 304 1072 Sedulir
324 1000 401 1074 haec
427 1002 579 1102 quaestio
601 1000 829 1089 discutienda
854 1016 926 1089 est,
957 1026 1041 1073 cum
1069 998 1130 1073 hic
1149 984 1253 1071 casui

165 1096 379 1195 frequenter
392 1114 571 1172 occurrat.
591 1099 741 1172 Certum
755 1115 827 1183 eat,
846 1098 948 1198 quod
964 1152 972 1183 ‚
995 1099 1023 1169 si
1039 1097 1256 1170 contrahen-

166 1210 220 1266 tes
242 1212 406 1291 tempore
424 1195 651 1296 sponsalium
674 1223 750 1270 nnn
767 1196 903 1271 fuerint
923 1195 1141 1296 disparitatis
1162 1221 1255 1269 con·

167 1294 234 1366 scii
249 1351 259 1379 ,
277 1294 460 1390 sponsalia
486 1296 560 1368 siut
581 1295 683 1371 nulla
699 1352 709 1386 ,
727 1292 931 1369 dummodir
948 1294 1154 1391 ignorantia
1171 1292 1255 1366 fne-

169 1392 218 1462 rit
238 1393 457 1468 antecedens
474 1418 483 1482 ;
501 1392 617 1465 valida
639 1408 783 1484 tamen,
808 1396 837 1467 si
855 1393 963 1467 luerit
977 1392 1226 1465 concomitans
1244 1415 1254 1476 ;

168 1488 253 1563 vide
269 1491 395 1564 Vivam
418 1492 465 1564 de
485 1494 588 1565 Matr.
636 1548 642 1561 .
668 1519 696 1569 r.
710 1506 776 1565 art.
796 1494 818 1565 5
838 1519 873 1564 n.
893 1518 926 1587 7.
945 1488 1107 1563 Dubium
1124 1505 1198 1575 est,
1214 1489 1256 1562 ,si

169 1591 244 1684 jam
272 1590 408 1661 conscii
433 1590 588 1677 suerint,
607 1517 867 1663 (liommuniter
885 1592 1057 1664 Doctores
1088 1587 1180 1660 infui
1205 1588 1258 1660 ci·

168 1684 273 1758 tandi
289 1686 433 1776 dicunt,
449 1687 565 1761 teneri
579 1685 625 1759 ad
640 1688 912 1761 Matrimonium
926 1710 936 1778 ;
956 1686 1259 1786 nisi(excipiunt)
1311 1704 1315 1711 '

169 1809 213 1856 ex
223 1783 438 1858 illneveniat
449 1784 630 1871 dedecus,
647 1801 711 1860 aut
722 1784 939 1860 scandalum
953 1787 1259 1907 propinquorum,

36 1884 42 1899 “
167 1881 208 1954 in
228 1882 299 1954 hoe
312 1882 524 1956 indistincti
537 1884 746 1983 loquentes
760 1883 829 1958 Sed
843 1884 905 1957 laic
917 1885 1121 1957 necessario
1135 1881 1264 1955 distin·

169 1981 231 2079 gui
253 1978 363 2054 debet
379 1980 539 2056 dedecus
558 1985 578 2055 t
600 1983 785 2057 scandalo.
808 1981 901 2057 Nam
925 1983 956 2054 si
983 1982 1260 2057 Matrimonium

169 2104 245 2151 non
260 2093 381 2178 posset
397 2079 583 2171 contrairi,
602 2082 671 2153 nisi
690 2105 777 2154 cum
792 2080 971 2154 dedecore
987 2078 1147 2167 familiae,
1163 2103 1261 2151 asse·

167 2176 339 2257 rendum.
349 2177 449 2277 quod
462 2194 549 2251 tunc
563 2182 687 2277 sponsi
704 2178 1259 2254 nontencanturlllatrimonium

59 2282 65 2293 ‘
168 2274 396 2349 contrahere.
410 2276 532 2351 Ratio.
548 2278 635 2375 quia
653 2278 843 2370 promissio
858 2293 946 2351 tunc
964 2293 1019 2349 est
1030 2274 1133 2349 nulla
1147 2332 1156 2362 ‚
1172 2300 1260 2348 cum

167 2373 216 2446 sit
228 2372 323 2447 dere
337 2374 490 2473 graviter
504 2374 643 2459 illicita,
654 2375 780 2473 utpote
793 2399 877 2477 quae
890 2372 1035 2469 impleri
1053 2401 1128 2448 nnn
1145 2389 1262 2472 potest

167 2472 239 2545 nisi
257 2497 344 2546 cum
365 2498 495 2568 magno
517 2473 661 2547 familiae
677 2474 912 2547 detrimento.
940 2474 992 2546 lta
1015 2474 1261 2547 communiter

45 2650 50 2661 ,
167 2569 293 2664 Laym.
309 2569 355 2641 de
372 2573 478 2644 Matr.
505 2572 528 2643 Ι.
553 2597 585 2644 c.
606 2585 651 2644 tr.
678 2598 718 2644 ro
742 2599 779 2671 p.
803 2598 814 2646 r
837 2598 872 2644 c.
897 2600 907 2643 r
930 2597 965 2644 n.
991 2573 1045 2661 rii.
1068 2598 1152 2645 cnm
1170 2572 1261 2646 Nar.

168 2680 206 2737 et
221 2667 324 2739 Gutt.
343 2669 429 2740 item
446 2669 550 2766 Spor.
569 2669 614 2740 de
639 2672 742 2743 Matr.
763 2694 795 2743 c.
821 2697 831 2742 ι
856 2696 893 2741 ιι.
914 2670 994 2743 203.
1020 2671 1132 2744 Bono.
1161 2668 1207 2740 de
1224 2672 1262 2762 4.

169 2764 283 2838 Prtec.
300 2788 333 2836 c.
355 2791 367 2837 r
391 2793 426 2864 q.
444 2766 477 2837 3.
491 2791 576 2837 cum
596 2767 765 2840 Menoclr.
787 2782 823 2839 et
843 2765 973 2840 Gobat.
992 2794 1033 2841 ac
1047 2766 1179 2840 Sanch.
1197 2765 1223 2837 Ι.
1245 2793 1257 2840 ι

167 2862 213 2936 Ι).
245 2861 287 2954 14
311 2888 410 2935 num.
435 2860 468 2933 3.
497 2889 581 2935 cum
609 2867 780 2937 Panorm.
812 2866 974 2963 Praepos.
1003 2864 1116 2955 Cord.
1143 2860 1261 2938 Felin.

166 2962 259 3058 Lap.
279 2975 348 3033 etc.
364 2964 414 3034 Et
431 2959 517 3032 licet
532 2964 655 3060 Laym.
675 2978 711 3035 et
729 2963 862 3036 Sanch.
884 2988 917 3034 n.
941 2989 974 3035 a.
992 2962 1137 3051 dicant,
1160 2963 1262 3058 qnod

169 3057 350 3159 sponsalia
370 3074 557 3135 contracta
576 3085 661 3134 cum
686 3084 838 3158 persona
859 3060 1012 3156 disparis
1037 3060 1260 3134 conditionis

169 3182 236 3254 per
252 3181 290 3229 se
316 3154 466 3243 valcant,
478 3156 622 3230 addunt
638 3173 758 3231 tamen
776 3216 784 3243 ‚
811 3158 970 3255 quindei
984 3159 1260 3232 Matrimonium

168 3278 244 3327 non
298 3258 385 3328 ossit
411 3256 496 3327 iniri
522 3262 600 3329 sine
634 3256 780 3332 familiae
809 3255 1015 3337 dedecore.
1047 3257 1100 3330 rel
1129 3282 1261 3355 magno

168 3281 342 3424 scanddlo
371 3355 467 3427 inter
496 3357 813 3453 consanguineos,
851 3355 930 3428 talis
959 3357 1152 3455 promissio
1185 3381 1263 3429 non

168 3447 328 3546 obliget,
345 3450 471 3547 utpote
494 3477 641 3525 versans
660 3456 756 3527 circi
776 3480 852 3527 rem
876 3453 1061 3534 illicitam,
1086 3454 1263 3551 adquam

167 3573 277 3620 nemo
295 3563 412 3643 potest
428 3576 466 3623 se
487 3549 659 3649 obligare.
680 3550 894 3624 Notandum
917 3567 1039 3625 antem
1060 3551 1140 3641 iric,
1160 3551 1262 3649 qnod

166 3671 243 3719 nnn
260 3644 416 3721 sufficiat
434 3648 714 3749 qualiscumque
733 3651 927 3751 disparitas
952 3654 998 3722 ad
1027 3649 1262 3724 liberandum

167 3749 378 3840 sponsuma
395 3746 625 3819 Matrimonia
639 3750 833 3847 promisso,
854 3750 918 3823 aed
935 3752 1143 3843 requiratur
1162 3762 1264 3820 noto·

167 3842 278 3926 hilis,
299 3857 387 3940 puta
407 3845 436 3916 si
455 3843 508 3916 vir
526 3838 657 3919 nobilis
680 3847 953 3946 desponsaverit
976 3848 1088 3919 filiam
1114 3846 1263 3919 artificia
1323 3842 1328 3847 ⁵

166 3941 398 4031 mechanici,
422 3957 463 4012 ut
481 3942 531 4014 ait
550 3942 679 4017 Naaar.
700 3971 780 4045 cap.
806 3948 853 4021 26
869 3972 976 4018 num.
1007 3947 1059 4019 18.
1079 3944 1139 4016 vel
1163 3946 1263 4059 agri-

167 4038 297 4212 ppina,
316 4062 318 4067 ’
338 4039 591 4236 (ppaBusembg
630 4045 853 4142 namatii&
883 4070 918 4133 r.
951 4044 988 4140 4.
1026 4042 1123 4122 Vide
1163 4040 1262 4127 dtcta
1312 4046 1316 4057 ’

226 4193 236 4213 .
287 4165 325 4215 ιι.
420 4195 431 4220 .
