2917 4709
267 239 312 308 26
375 238 447 306 Lib.
463 241 522 310 Vl.
539 240 648 309 ttaet.
664 223 725 311 ti.
743 241 792 309 De
811 229 1257 309 SocrumentoPocmtcnu‘ae·⁴
1317 297 1323 310 .

221 377 225 406 =
267 352 359 426 Viva
377 380 412 452 q,
430 357 454 425 8
471 369 536 430 art.
557 364 629 428 2'n.
647 355 680 429 5.
699 358 834 454 Sporer
856 381 881 428 ιι
916 357 998 453 725.
1018 352 1126 426 Elbel
1146 378 1184 425 n.
1205 349 1290 423 628.
1311 356 1356 418 et

265 454 369 549 Lugo
386 455 486 527 l.'ctt.
503 452 565 526 ubi
583 458 803 553 improperat
823 453 1049 546 Turrianum,
1067 450 1130 551 qui
1148 465 1250 523 vocat
1264 449 1351 519 eam

267 550 570 650 improbabilem,
595 567 632 624 et
649 552 891 625 damnarant
909 553 1059 648 Gregor.
1076 550 1173 624 Xlll.
1194 573 1279 619 nam
1297 545 1350 615 eit

229 643 390 747 ”Lugo,
418 650 518 749 quod
546 650 592 721 dc
614 652 806 723 enunciata
832 651 1083 723 Declarotionc
1104 672 1177 720 non
1206 654 1351 718 constet

155 777 162 793 ·
267 748 500 839 authentice,
523 764 560 820 et
583 749 736 848 proludit
753 752 805 821 sic
822 746 988 846 loquitur
1007 777 1018 818 ε
1035 749 1132 819 Certi
1154 741 1351 829 sententia,

269 871 373 943 quam
391 861 442 918 tot
456 861 493 921 et
509 852 579 944 tdm
592 843 719 945 pubes
739 848 823 919 Du.
844 863 986 938 tenent,
1004 846 1127 942 negari
1147 869 1218 916 nou
1230 850 1360 940 potest·

267 967 346 1017 sam
367 944 557 1039 probabilis
585 947 654 1028 sit‚·
668 948 859 1044 prasertim
887 970 964 1016 cum
973 943 1151 1039 findetur
1171 943 1205 1012 in
1238 935 1351 1010 rerba}

273 1041 475 1129 Tridentini,
494 1065 569 1140 pue
581 1042 767 1139 nonsocild
786 1043 954 1140 explicari
960 1057 1110 1140 possunt
1124 1039 1169 1112 ab
1184 1038 1354 1110 aduersa·

269 1138 344 1211 riis.
367 1142 465 1213 Ratio
483 1129 593 1238 igitbr
614 1141 726 1240 hujus
745 1145 1023 1226 sementinum,
1043 1144 1127 1238 quia
1145 1143 1167 1210 ὲ
1184 1134 1359 1211 Concilio

270 1237 415 1311 ridetur
446 1241 658 1314 indistinctis
686 1258 857 1314 concessa
891 1238 1064 1312 omnibus
1094 1234 1353 1311 Sacerdotibus

269 1352 428 1436 potestas
448 1338 659 1411 absolvendi
685 1353 853 1437 tempore
873 1340 998 1412 mortis
1023 1336 1070 1408 ad
1095 1337 1248 1409 salutem
1276 1333 1356 1402 ani·

270 1460 414 1508 marum
442 1435 641 1510 faciliorem
665 1436 915 1524 reddendam,
945 1434 1066 1509 verbis
1094 1434 1166 1507 illis
1197 1462 1208 1505 τ
1234 1438 1363 1529 Atque

271 1532 492 1608 idebomnes
510 1535 722 1631 Sacerdotes
738 1536 1151 1635 quoslibetpoenitentes
1168 1535 1187 1603 a
1206 1530 1365 1629 quibus·

271 1632 323 1704 ris
354 1633 510 1731 peccatis
544 1632 728 1706 absolvere
756 1647 922 1732 possunt.
949 1632 1025 1707 Ubi
1049 1634 1170 1720 autem
1196 1627 1253 1701 lex
1278 1651 1362 1699 nun

272 1728 464 1830 distinguit
485 1735 702 1827 (commune
728 1733 868 1804 axioma
894 1737 1000 1823 est),
1029 1756 1097 1803 nee
1126 1755 1192 1802 nos
1221 1728 1360 1826 distin·

273 1853 382 1928 gnere
402 1827 589 1903 debemus.
608 1827 738 1930 Neque
756 1855 799 1903 ex
818 1829 896 1904 ullo
915 1845 1017 1902 textu
1035 1829 1164 1901 dicunt
1183 1850 1360 1923 comper·

272 1943 352 1999 tum
383 1926 527 2016 heberi,
550 1929 651 2030 quod
680 1955 725 2001 ex
756 1929 904 2029 antiqua
932 1926 1203 2002 consuetudine
1227 1923 1363 2025 prohi-

272 2023 430 2098 beantur
452 2027 635 2124 simplices
660 2027 873 2112 Sacerdotes
901 2025 1086 2099 absoluere
1116 2021 1363 2114 moribundos

274 2138 454 2223 praesente
469 2125 670 2225 approbato
685 2149 694 2216 ;
717 2140 835 2198 textos
855 2129 952 2222 enim
972 2125 1132 2224 oppositi
1150 2127 1214 2219 (ut
1231 2122 1362 2222 ajunt)

275 2246 352 2294 non
379 2220 584 2321 loquuntur
609 2222 654 2294 de
671 2223 907 2296 absolutione
933 2221 1206 2306 sacramentali,
1224 2219 1291 2293 sed
1313 2216 1371 2290 de

274 2321 574 2402 reconciliatione
594 2320 830 2422 publicorum
854 2323 1113 2422 poenitentium
1129 2346 1215 2415 cum
1229 2317 1365 2392 Eccle-

274 2419 351 2508 sia3
370 2435 431 2491 aut
448 2418 534 2514 sani
551 2419 590 2492 id
608 2436 772 2494 asserunt
801 2420 847 2493 de
871 2419 1100 2493 absolutione
1118 2437 1363 2493 censurarum

277 2534 539 2591 reseratorum
554 2576 562 2610 ,
578 2524 597 2591 b
616 2519 750 2619 quibus
767 2523 834 2613 (ut
855 2519 948 2592 infru
976 2518 1144 2610 dicetur)
1171 2526 1366 2616 nequeunt

277 2617 405 2713 utique
415 2616 601 2692 absolvere
614 2618 813 2708 inferiores,
826 2632 999 2717 praesente
1008 2617 1212 2717 superiore.

256 2719 260 2726 '
326 2716 393 2788 His
415 2730 536 2788 tamen
561 2716 884 2791 nonobstantibus
910 2730 999 2815 puto
1017 2742 1091 2789 uon
1115 2712 1371 2787 recedendum

275 2809 299 2884 'b
352 2814 442 2887 rima
463 2816 662 2900 sententia,
687 2813 736 2887 ob
759 2815 1010 2888 auctoritatem
1035 2813 1187 2886 Ritualis
1205 2812 1365 2885 Romani

273 2913 296 3008 (
338 2938 366 2982 a
380 2909 479 2985 Sacr.
506 2913 606 2985 Pae.
630 2912 694 2986 sub
718 2913 814 2990 ciritio
832 2919 875 3011 ),
902 2911 966 2998 ubi
991 2913 1042 2985 sic
1066 2911 1226 3000 dicitur;
1244 2909 1318 2983 Sed
1331 2909 1370 2981 si

277 3010 463 3107 perr'culum
483 3011 602 3083 mortis
616 3010 817 3099 imminent,
833 3009 1107 3109 approbaturque
1122 3014 1136 3105 (
1151 3024 1236 3082 nota
1249 3013 1263 3105 )
1274 3006 1373 3080 desit

283 3106 555 3203 Carfirssarias,
581 3108 717 3206 quilibet
739 3108 910 3204 Sacerdos
923 3124 1040 3205 potest
1056 3113 1079 3178 d
1097 3108 1367 3204 quibuscumque

281 3205 438 3277 censuris
455 3221 489 3276 et
503 3207 656 3301 peccatis
670 3205 859 3278 absolvere.
876 3209 1035 3280 Possunt
1052 3206 1162 3306 igitiu·
1179 3205 1368 3305 simplices

282 3303 493 3377 Sacerdotes
510 3303 715 3389 absolvere,
734 3304 865 3377 sidesit
876 3305 1084 3403 approbatus
1100 3300 1370 3398 Confessortirs5

284 3400 369 3497 ergb
388 3428 462 3474 non
507 3418 659 3496 ossunt,
682 3405 711 3474 si
741 3402 833 3474 adsit
853 3404 1088 3502 approbatus.
1111 3405 1194 3495 Quo
1217 3404 1370 3501 insuper

284 3499 432 3572 Rituale
456 3430 552 3575 ciart
573 3501 715 3590 videtur
732 3500 918 3574 adstruere
934 3558 943 3582 ,
960 3499 1061 3575 hanc‘
1082 3505 1190 3574 luisse
1206 3502 1370 3600 priscam

284 3598 465 3674 Ecclesiae
482 3601 785 3673 consuetudinem
803 3599 913 3689 ,dum
928 3600 1064 3673 Paulus
1080 3603 1126 3673 V.
1146 3604 1182 3671 in
1198 3625 1263 3672 sua
1275 3587 1372 3671 Bul·

285 3697 346 3790 la,
367 3725 431 3796 per
448 3725 557 3798 quam
574 3698 646 3771 boc
665 3698 806 3771 Rituale
825 3700 1003 3799 approbat
1019 3756 1028 3787 ,
1044 3699 1133 3772 dicit
1151 3728 1161 3770 ι
1180 3696 1374 3782 Restabat,
1453 3765 1454 3772 ,

285 3813 324 3867 ut
343 3821 412 3870 uno
434 3797 602 3874 columine
620 3796 869 3892 comprehensi
880 3800 975 3870 sarri
987 3814 1021 3869 et
1034 3798 1169 3870 sinceri
1181 3794 1372 3869 Catholiroe

286 3893 452 3966 Ecclesia
468 3895 592 3982 Ritus,
610 3895 721 3996 quiin
742 3896 1043 3988 incrementorum
1066 3891 1372 3966 administratione
1453 3939 1454 3984 3

286 3993 419 4064 serrari
437 3992 583 4084 debent,
607 3993 819 4091 Apostoiirae
839 3991 940 4066 Sedis
957 3992 1161 4066 aucton'tate
1175 3989 1370 4089 prodirent.
1452 4049 1454 4084 ,

286 4089 429 4164 Deinde
449 4093 574 4167 asserit
589 4118 629 4164 se
640 4107 797 4192 receptos
815 4108 850 4164 et
865 4089 1283 4188 approbatosaeCatbolira
1304 4087 1373 4161 Ec·
1452 4105 1453 4180 t

274 4189 400 4262 ‘alesia
413 4187 1375 4296 Bursamordinadr'gestosconipraissell‘andemsic
1451 4241 1453 4318 4

1450 4465 1452 4508 l

1451 4525 1452 4564 l

1451 4575 1452 4616 l
