2917 4709
370 198 960 303 cup.'1.nuo.n1.oespouultms
1053 202 1059 227 “
1129 204 1195 283 iob

116 310 143 387 3
195 371 203 389 .
229 317 284 393 tit.
314 346 326 393 ι
352 344 383 393 c.
415 322 495 418 185
521 348 533 396 ι
555 321 636 396 eod.
652 324 758 396 Pont.
780 321 806 395 l.
824 304 1010 398 assandi.
1035 346 1077 398 ιι.
1096 328 1197 397 io'et

119 341 760 496 salmusueumcon.nehemia
785 420 1198 533 quodsemperanspon·

111 537 182 585 sus
196 513 358 590 discessit
370 520 407 591 in
422 519 673 619 propinquum
687 520 830 606 locum,
847 518 1115 618 expectandum
1128 521 1198 611 sit,

120 609 240 684 donec
254 615 396 699 redeat3
412 616 467 688 vel
482 619 617 717 requiri
631 615 764 691 debeat
772 618 947 719 Sponsus,
958 635 1000 692 ut
1013 618 1109 692 intra
1122 643 1199 692 cen

120 722 199 781 tum
211 714 364 787 accedat
376 713 422 786 ad
433 715 725 789 contrabendum
744 714 1153 810 Matiimoniuthuod
1167 716 1200 790 si

123 806 187 880 ille
201 815 396 912 requisitus
417 812 572 887 reditum
589 821 682 909 justa
697 840 861 888 excausa
876 813 1039 900 differet,
1058 814 1200 887 velerit

110 910 392 1004 expectandum
403 911 450 984 ad
465 908 656 1010 prudentis
672 913 876 1001 arbitrium,
891 928 932 985 ut
943 912 1072 991 dicunt
1083 913 1199 987 Bono.

121 1004 299 1103 sporus.
322 1036 353 1082 o.
369 1009 491 1085 conc„
536 1010 633 1109 .37d
653 1038 689 1083 n.
715 1032 768 1111 ι’).
788 1027 825 1083 et
845 1010 956 1084 Salm.
977 1038 1013 1084 n.
1033 1010 1093 1083 62.
1111 1034 1202 1085 cum

110 1104 235 1177 Cone.
253 1107 339 1179 Beb.
361 1123 396 1179 et
410 1108 490 1182 Dic.
507 1038 722 1208 leliquod
738 1112 902 1182 securius
917 1125 971 1182 est
988 1113 1003 1202 )
1021 1134 1129 1199 causa
1146 1122 1202 1182 est

109 1204 338 1278 'remittenda
363 1205 513 1279 arbitrio
536 1206 703 1297 Judicis,
728 1210 818 1306 qui,
839 1211 1014 1305 inspeetis
1039 1208 1202 1295 circum·

122 1303 264 1376 stantiis
286 1360 296 1390 ,
320 1305 378 1375 vel
405 1304 620 1378 admonebit
645 1306 859 1406 Sponsum,
883 1319 926 1379 ut
952 1305 1078 1378 redeat
1106 1304 1204 1379 inira

108 1415 267 1474 eertum
282 1417 448 1502 tempus,
461 1402 519 1477 vel
538 1405 737 1479 terminum
756 1402 1040 1487 determinabit(
1078 1429 1206 1477 roeser-

123 1500 187 1568 tim
207 1501 237 1570 si
257 1501 320 1573 ille
338 1502 444 1600 longe
461 1501 591 1575 abierit
606 1515 621 1595 )
636 1516 718 1599 post
737 1527 846 1599 quem
867 1526 1001 1598 sponsa
1017 1430 1133 1576 libera
1145 1527 1204 1575 re-

123 1613 295 1686 maneat,
315 1614 357 1672 ut
376 1600 505 1673 dicunt
523 1600 675 1673 Pontius
691 1615 727 1672 et
748 1601 861 1672 Bono.
877 1597 915 1672 ll.
938 1623 998 1675 cc.
1014 1599 1094 1675 Pal.
1111 1627 1148 1681 ιι,
1163 1599 1204 1691 3.

118 1720 169 1768 ac
182 1696 296 1769 Salsu.
316 1722 402 1771 oum
416 1699 552 1771 eisdem
568 1699 643 1772 ΛΑ.
658 1700 707 1771 At
723 1697 820 1770 idem
832 1695 940 1770 docet
952 1697 1089 1775 Bened.
1102 1695 1208 1779 xlv,

124 1792 234 1866 Notis.
251 1797 299 1887 4'6
316 1823 353 1868 ιι.
374 1797 408 1870 5.
424 1823 513 1870 oum
532 1802 645 1875 Anac.
666 1795 762 1869 Cler.
780 1799 900 1870 Perea.
915 1811 983 1875 ete.
1004 1820 1046 1868 an
1058 1790 1204 1877 Declar,

109 1893 160 1964 -S.
177 1892 216 1964 C.
235 1894 295 1967 die
309 1920 340 1965 2.
353 1894 488 1991 Octob.
509 1897 611 1995 1723.
655 1920 711 1967 uae
728 1897 863 1995 puritas
875 1896 927 1966 sic
939 1892 1121 1993 agendum
1137 1918 1208 1967 ses·

149 1990 265 2064 ondit.
282 1994 370 2066 Haeo
385 2009 505 2067 autem
516 1921 747 2094 procedunt,
768 1991 850 2091 siin
865 1990 1102 2092 sponsalibus
1117 1989 1208 2065 nul-

122 2015 482 2191 lbm'luerittempus
496 2090 737 2191 praefixumad
751 2091 898 2190 nuptias
912 2089 1104 2176 ineundas,
1119 2115 1208 2164 nam

108 2193 154 2261 ³si
176 2190 285 2261 suerit
301 2192 479 2264 tenuibus
497 2191 720 2289 assignatus,
740 2188 822 2265 vide
840 2186 996 2263 dicenda
1016 2215 1054 2264 n.
1076 2214 1157 2289 seq.
1283 2268 1287 2273 ,

173 2287 255 2359 VII.
271 2290 306 2361 si
322 2290 493 2362 sintinila
508 2314 594 2361 cum
609 2286 840 2377 conditione,
854 2302 950 2359 ceno
964 2303 1117 2387 tempore
1127 2311 1264 2405 con-35²

125 2385 293 2458 trahendi
311 2389 612 2477 matrimonium,
633 2386 811 2463 liberatur
827 2384 1048 2483 obligatione
1063 2386 1116 2476 is,
1143 2411 1210 2484 per
1269 2410 1274 2415 ·

127 2510 240 2653 queip
265 2512 339 2559 non
361 2487 491 2576 stetit,
525 2485 724 2585 quominbs
747 2484 795 2557 sit
813 2500 1057 2560 contractum.
1082 2486 1213 2585 Laym.

126 2608 163 2655 n.
193 2609 203 2654 ι
237 2637 245 2655 .

110 2726 115 2735 ·
176 2680 270 2752 Cum
283 2680 462 2753 terminus
478 2677 710 2778 sponsalibus
725 2664 923 2780 apponitur
940 2705 980 2764 ,s
1031 2679 1213 2754 standum

109 2792 202 2860 ἓιιι,
220 2803 266 2848 an
286 2792 495 2877 apponatur
510 2778 557 2850 ad
571 2777 845 2853 sollicitandum
863 2777 936 2850 sivb
951 2703 1087 2851 addon
1105 2777 1215 2852 diffe-
1290 2860 1294 2867 ,

128 2874 280 2950 rendam
299 2874 558 2973 obligationem
578 2875 820 2949 contrahendi
836 2873 1112 2971 Malnlmonium
1127 2932 1137 2966 ,
1155 2874 1214 2951 vel

129 2998 175 3047 an
199 2975 246 3046 ad
270 2973 532 3072 obligationem
557 2974 773 3050 finiendam.
797 2976 907 3049 Tunc
936 2999 955 3045 a
984 2976 1139 3073 ponitur
1164 2972 1214 3051 ad

129 3072 431 3161 sollicitandum,
457 3070 608 3172 quandlu
628 3089 751 3171 partes
768 3070 853 3145 ideo
894 3094 943 3144 ιω
973 3085 1065 3171 gunt
1085 3075 1215 3146 termi-

63 3260 65 3263 γ
130 3186 302 3261 num,ut
320 3185 448 3244 neutra
470 3168 555 3245 ante
576 3168 684 3242 illum
706 3173 822 3270 possit
846 3099 997 3243 illesam
1017 3194 1144 3267 cogere
1167 3168 1220 3252 ad.
1276 3238 1284 3266 ,λ

109 3264 363 3369 ·implendum
388 3283 641 3344 oontnaotum.
674 3270 796 3342 Tunc·
817 3283 943 3344 autent
977 3265 1217 3361 finiendum,

132 3365 282 3467 quandb
300 3370 718 3468 terminusapponatus,
736 3383 776 3443 ot
789 3394 832 3440 oo
845 3368 970 3464 'elapso
983 3363 1086 3439 nulla
1107 3391 1219 3440 iema-

132 3481 216 3537 neat
231 3463 414 3563 obligatio.
431 3467 480 3538 Et
497 3466 577 3539 haec
594 3469 642 3539 us
662 3466 839 3545 servanda
853 3474 940 3539 sunt
954 3518 965 3553 ,
979 3466 1010 3539 si
1030 3466 1216 3566 expressis

106 3563 252 3641 ·veibis
276 3578 394 3659 partes
415 3565 471 3645 ita}
483 3567 712 3638 conveniant.
733 3565 805 3639 seu

181 3660 308 3761 Dubit.
333 3689 360 3733 ι.
381 3661 417 3733 Si
435 3661 542 3733 veuba
556 3663 630 3736 siut
650 3662 821 3761 ambigna
837 3720 846 3748 ‚
864 3657 1015 3763 quandb
1036 3659 1219 3734 terminus

109 3764 273 3837 ··oenseri
293 3758 425 3833 debeat
445 3760 631 3860 appositus
656 3761 703 3833 ad
723 3760 995 3837 sollicitandam
1020 3754 1221 3855 obligatio·-

111 3886 242 3942 1nem,
261 3875 296 3933 et
320 3850 471 3959 quandb
499 3858 546 3929 ad
574 3858 782 3933 finiendum
814 3859 829 3933 ,Ρ
855 3857 1111 4027 Respondetur
1132 3881 1220 3932 cum

137 3958 324 4032 communi
341 3956 537 4046 sententia,
556 3954 647 4055 duas
668 3957 809 4057 regulas
833 3958 872 4028 iu
892 3973 924 4029 ta
944 3952 964 4026 i'
978 3953 1093 4026 dubio
1109 3955 1178 4053 assi
1203 3993 1221 4020 ι

110 4082 116 4105 ι
136 4059 226 4133 ussi.
245 4056 372 4132 -Priino
384 4057 445 4131 :Si
457 4056 639 4135 nmium
658 4055 705 4130 ab
723 4078 800 4132 uns·
817 4054 959 4133 amiam
980 4066 1082 4152 parte
1098 3981 1222 4154 praell-
