2917 4709
378 182 460 274 Cap.
474 183 500 249 1.
511 182 599 249 Dub.
615 181 672 249 111.
683 182 734 249 De
749 181 966 274 sponsalibus.
1139 179 1201 275 415

123 296 205 393 ipse
215 290 324 370 Croin
337 293 505 368 Lucum
516 294 608 368 Gab.
621 294 754 368 Sanch.
769 295 793 366 l.
805 319 838 368 e.
854 297 899 369 D.
920 297 962 390 td
975 318 1012 370 n.
1030 300 1063 367 ί.
1076 296 1203 397 Laym.

125 419 161 466 c.
176 422 193 467 ,ι
215 421 253 466 n.
278 397 329 487 ¹4-
349 392 492 466 Hulzm.
511 420 546 491 p.
573 394 639 492 167
663 406 700 464 et
727 394 812 493 287.
829 378 915 467 curri
932 396 1119 467 communi
1136 450 1145 480 ,
1165 411 1208 468 ut

1 536 8 551 ·
125 507 282 566 testatur
295 491 403 565 Ethai
417 520 452 590 p.
469 493 541 566 368
553 517 638 589 n.9.
658 493 767 564 etiam
781 518 866 565 cnm
884 493 1085 578 cummuni,
1100 494 1207 593 Spar.

123 590 172 666 «nj
188 616 256 664 aua
274 604 311 662 et
325 591 425 665 Boas.
444 617 477 664 c.
498 618 535 663 ιι
557 616 592 662 ιι.
615 591 693 665 ιοδ.
710 589 758 662 Ηί
775 590 920 682 dicunt,
942 589 1043 690 quud
1058 613 1211 689 sponsa-

128 686 177 761 lia
195 686 357 765 filiorum
374 714 418 760 ex
447 687 518 759 hoc
538 688 618 762 solo
644 689 785 787 capite,
803 688 905 786 quod
927 689 1001 761 sint
1023 690 1112 761 inita
1130 690 1223 761 sine

129 813 316 861 consensu
335 790 534 861 Parentum
551 840 560 872 ,
580 803 767 885 nequeant
792 789 951 870 irritari,
975 789 1060 887 quia
1080 798 1209 859 eurum

128 910 332 958 consensus
354 912 430 959 non
454 884 500 958 de
524 887 737 958 necessitate
752 939 761 969 ,
775 884 840 958 sed
856 885 997 957 tantiam
1014 885 1060 957 de
1077 884 1211 957 hones·

126 998 202 1057 tate
233 982 361 1057 adure
387 985 574 1058 Canonicu
601 984 814 1082 requiritur.
843 985 1045 1082 Excipiunt
1063 999 1212 1069 tamen,

126 1082 197 1154 nisi
214 1107 390 1180 magnum
405 1081 619 1176 scandalum
634 1081 757 1154 extuli
772 1083 1006 1156 Matrimonia
1022 1084 1212 1167 timeatur,

120 1180 175 1253 ed
190 1181 293 1280 quud
314 1183 431 1278 virtus
448 1180 598 1279 justitiae
615 1204 687 1251 non
709 1181 823 1278 possit
837 1177 1000 1277 obligare
1013 1179 1059 1252 ad
1077 1192 1214 1266 actum,

122 1284 193 1373 qui
218 1280 301 1351 sine
323 1297 474 1375 peccatu
501 1275 647 1377 impiari
672 1281 827 1375 nequit:
846 1279 895 1349 ita
921 1280 1047 1378 Laym.
1073 1276 1099 1350 l.
1126 1306 1159 1351 c.
1179 1304 1213 1354 v.

128 1379 241 1449 Enim
273 1375 358 1449 vero
375 1432 383 1458 ,
403 1375 497 1449 Nav.
519 1401 550 1447 c.
573 1377 616 1449 16
633 1398 670 1448 ιι.
695 1381 747 1450 ι8.
770 1374 912 1449 flotam.
934 1401 971 1448 n.
997 1377 1062 1476 167
1077 1390 1114 1449 et
1129 1374 1212 1448 266.

129 1501 174 1546 ae
192 1475 331 1547 Saneh.
356 1474 383 1547 l.
399 1499 433 1547 c:
451 1501 486 1547 ιι.
508 1474 542 1546 3.
565 1500 651 1547 cum
671 1472 782 1547 Cord.
799 1475 902 1546 Gutt.
919 1488 956 1547 et
967 1477 1061 1575 Lup.
1078 1476 1127 1548 Et
1144 1473 1214 1547 hoc

133 1572 241 1644 addit
262 1573 395 1645 Sauch.
419 1573 471 1645 io.
495 1596 580 1645 cum
609 1572 700 1643 Lab.
729 1569 867 1658 valere,
888 1572 1027 1644 etiamsi
1053 1570 1218 1646 nuilasit

132 1671 330 1769 disparitas
355 1674 449 1743 inter
471 1671 742 1752 contrahentes.
769 1669 973 1743 Advertunt
993 1687 1115 1742 tamen
1139 1672 1219 1767 ipse

122 1769 270 1843 Sanch.
287 1782 325 1842 et
343 1768 486 1842 Holzm.
501 1768 607 1841 caute
620 1765 927 1863 considerandum
940 1794 1017 1841 esse
1031 1770 1103 1841 hue
1114 1792 1220 1841 scan-

133 1867 285 1952 delum,
311 1867 406 1967 saepe
434 1867 534 1939 enim
552 1876 563 1953 (
577 1882 617 1939 ut
631 1864 786 1959 dicunt)
801 1869 936 1952 mirre,
964 1882 1000 1939 et
1015 1865 1221 1940 discordia·-

132 1990 220 2038 rum
250 1965 412 2062 pericula
436 1971 642 2063 jactantur,
661 1989 743 2063 quae
763 1969 908 2062 postea,
928 1978 1017 2037 teste
1032 1965 1222 2063 experien-

130 2065 204 2147 aiat
231 2063 294 2137 ubi
311 2065 451 2161 nuptiae
466 2078 650 2138 contracta
665 2077 774 2145 sunt,
791 2062 899 2135 facile
913 2076 1073 2153 cessant,
1094 2063 1224 2135 erani-

128 2163 183 2234 mi
217 2160 477 2234 conciliantur.
506 2160 577 2234 Sed
609 2159 800 2235 redeundo
827 2159 874 2234 ad
903 2164 1122 2260 quaesitum,
1153 2182 1223 2260 ego

134 2285 271 2333 censeo
288 2259 489 2333 dicendum
505 2286 590 2334 cum
609 2262 722 2333 Ronc.
744 2286 783 2355 p.
808 2264 873 2353 ¹4⁰
887 2284 925 2356 q.
940 2260 1019 2357 91³.
1043 2286 1072 2345 ι,
1090 2260 1156 2359 qui
1172 2261 1225 2333 ci·

136 2376 189 2432 tat
204 2359 333 2459 Laym.
352 2377 389 2433 et
405 2361 507 2433 Gutt.
526 2357 626 2457 quud
646 2415 654 2442 ‚
675 2360 705 2430 si
724 2358 832 2432 Pater
848 2357 984 2456 injuste
1003 2356 1224 2432 dissentiant

136 2459 205 2531 tali
223 2458 477 2543 Matrimonia,
498 2456 597 2530 filius
615 2481 689 2528 non
708 2457 821 2555 possit
842 2456 1111 2554 asponsaiihus
1124 2478 1225 2530 rece-

139 2557 242 2636 dere,
259 2571 296 2628 et
316 2561 389 2628 tam
403 2559 492 2656 ipse,
509 2560 621 2654 quim
636 2556 744 2627 Pater
761 2570 967 2653 peccarent,
984 2555 1016 2626 si
1031 2552 1169 2628 vellent
1182 2582 1226 2630 ea

142 2651 350 2726 dissolvere.
379 2651 491 2727 Sacas
511 2651 631 2737 vero,
659 2653 690 2725 si
708 2650 817 2725 Pater
842 2649 937 2750 juste
967 2652 1228 2739 contradicat.

127 2751 320 2847 ,nempesi
342 2751 618 2825 Matrimonium
638 2764 799 2846 uergeret
814 2753 851 2823 in
869 2748 1030 2823 dedecus
1044 2746 1228 2837 Familiae,

143 2864 244 2923 tunc
264 2850 363 2920 enim
385 2847 569 2946 sponsalia
593 2846 658 2920 ilia
687 2871 762 2919 non
788 2844 978 2943 obligant,
1006 2873 1093 2921 cum
1117 2874 1227 2922 nemo

144 2948 260 3046 putuit
276 2945 428 3045 obligari
443 2944 489 3018 ad
503 2945 759 3046 exequendam
772 2969 848 3017 rem
861 2946 1048 3040 injustam.
1066 2947 1115 3020 Et
1128 2946 1228 3020 idem

139 3045 276 3118 dicunt
298 3048 424 3143 Laym.
444 3058 481 3115 et
501 3041 680 3119 Sanch.‘l.
704 3069 737 3116 c.
755 3067 843 3116 cum
857 3040 937 3115 aliis
957 3045 1226 3132 communiter,

126 3157 177 3216 ·ai
190 3168 233 3216 en
249 3144 314 3217 tati
333 3142 567 3219 Matrimonia
590 3166 720 3240 magna
738 3140 912 3215 scandala
929 3145 1003 3215 sint
1019 3143 1155 3216 oritura
1174 3146 1230 3216 in·

147 3253 203 3341 ter
219 3243 456 3342 propinquos.
472 3240 584 3314 Posse
597 3242 706 3314 etiam
722 3238 850 3329 (addit
866 3240 981 3313 Ronc.
1001 3241 1041 3314 R.
1059 3267 1091 3313 a.
1110 3238 1231 3316 filium

148 3340 287 3412 solvere
303 3339 497 3440 sponsalia,
512 3341 542 3413 si
556 3342 663 3414 Pater
677 3337 772 3437 juata¹
792 3339 956 3412 minetur·
968 3337 1232 3426 exhaeredatio·

126 3460 235 3510 nem
246 3467 256 3509 ε
268 3451 306 3509 et
320 3463 385 3533 ego
406 3437 656 3527 subdo‚etitm
670 3439 701 3509 si
721 3434 964 3538 injustt,quia
982 3441 1105 3511 omnia
1120 3462 1233 3537 spon-

129 3538 237 3609 ·satia
262 3536 518 3633 intelliguntur
536 3535 704 3610 contrahi
725 3532 738 3635 (
755 3549 795 3607 ut
808 3534 968 3609 diximus
981 3560 1018 3609 n.
1034 3533 1146 3629 863.)
1161 3535 1240 3608 sub

151 3634 222 3706 hau
247 3632 483 3711 conditione.
510 3632 633 3707 sinon
652 3633 804 3708 accedat
832 3634 913 3709 talia
932 3632 1110 3724 mutatio‚'
1132 3633 1234 3711 unde
1255 3610 1289 3725 Ι

150 3754 258 3832 grave
276 3732 324 3803 sit
342 3729 559 3804 contrahere
581 3732 868 3806 Matrimonium.
887 3732 1051 3831 Excipe,
1071 3733 1140 3805 nisi
1155 3732 1235 3808 haee

148 3828 395 3905 exhaeredatio
408 3833 481 3928 iarn
492 3829 599 3902 suerit
617 3832 789 3930 praevisa,
806 3828 893 3930 quis
907 3844 996 3902 tunc
1013 3830 1234 3923 connatam

128 3928 285 4003 ’merito
300 3942 471 4002 censetur
489 3931 571 4027 jure
587 3954 655 4001 suo
670 3952 833 4003 cessisse.

204 4059 225 4096 u
249 4030 415 4203 Rearpdfiq.
431 4025 484 4201 {lul
495 4025 715 4128 strptadietis
738 4027 876 4116 causis,
896 4023 1235 4222 quauddaqt'auiita-
1248 4074 1295 4142 ass
