2917 4709
307 236 393 337 Cap.
409 245 454 315 n.
469 242 558 315 Dal).
574 245 602 313 1.
617 240 1046 316 rasomonorum.
1153 238 1218 339 ¹39

138 356 216 455 jam
236 362 412 460 supponit
430 375 658 432 consecratos
680 360 914 437 Sacerdotes,
933 362 1022 433 dum
1044 359 1113 460 ipsi
1131 386 1220 437 cnm
1301 422 1308 437 .

141 455 328 557 Episcopo
349 465 417 529 ‘am
438 473 651 532 consecrant
663 457 930 530 Eucharistram
942 484 951 548 ;
964 460 1027 530 sed
1041 461 1079 532 in
1092 485 1220 533 secun·

142 552 190 626 da
209 609 216 637 ‚
237 486 387 654 quarrdd
411 560 616 670 Epssscopus
632 559 796 629 extendit
813 576 944 630 manus
960 584 1044 629 cum
1060 556 1219 657 Presby-

142 653 243 727 teris.
267 669 307 727 ut
326 674 422 753 patet
439 681 480 727 ex
500 655 714 728 Tridentino
731 679 816 728 sess.
840 658 880 748 ¹4
898 681 932 726 c.
952 656 1074 728 Subi:
1090 656 1217 728 Minis·

139 751 188 822 tri
201 752 244 825 E·
258 768 362 826 trem.
376 755 549 827 Unction.
566 769 649 826 sunt
663 768 726 824 aut
739 752 926 851 Episcopi,
940 771 1001 826 out
1015 752 1220 826 Sacerdotes

140 851 188 921 ab
203 850 291 945 prsis
311 852 374 922 titt
393 853 546 924 ordinati
553 878 622 949 per
635 851 890 947 impossitionem
904 851 1015 948 (nota
1028 884 1038 937 r
1054 878 1220 931 manuum
1337 892 1339 897 ·

142 949 378 1045 Prusdrteni'.
399 950 468 1023 hoc
485 966 561 1035 est,
577 968 660 1050 quae
680 949 721 1021 fit
742 948 787 1020 ab
806 946 992 1049 Episcopo
1009 974 1093 1022 cum
1105 953 1221 1025 ,Pres-

140 1044 280 1143 byteris
305 1049 568 1123 assistentibus.
599 1047 781 1121 Probatur
817 1074 826 1118 ι
862 1047 940 1121 haec
970 1049 1148 1121 sententia
1177 1073 1222 1124 ex

140 1146 201 1216 Sc,
215 1148 356 1239 ipsura,
372 1164 410 1218 nt
426 1153 555 1247 supra,
574 1145 639 1219 ubi
656 1144 701 1218 de
714 1148 789 1218 sola
799 1144 1032 1243 impositione
1042 1172 1222 1220 manuum

139 1243 185 1317 fit
217 1248 367 1316 mentio.
396 1248 494 1318 Dicit
520 1261 640 1318 autem
670 1243 926 1317 Tridentinum
958 1270 1044 1317 sess,
1064 1245 1110 1316 23
1134 1271 1167 1317 c.
1198 1270 1220 1317 2

141 1342 247 1439 qnod
265 1367 376 1416 sacrae
390 1345 532 1417 Litterae
546 1343 761 1442 gravissimis
776 1342 892 1414 verbis
906 1342 1061 1415 doceant
1073 1368 1126 1428 ea,
1139 1367 1221 1442 quae

139 1438 303 1511 maxim&
331 1441 370 1513 iu
397 1442 668 1523 Diaconornm.
688 1457 724 1514 et
740 1442 976 1514 Sacerdotum
995 1440 1222 1513 ordenatione

142 1538 361 1610 attendenda
374 1558 482 1623 suam
499 1539 583 1639 erge
598 1544 627 1613 si
641 1565 751 1612 sacrae
769 1541 914 1612 Litterae
930 1539 1072 1612 tantiam
1087 1539 1133 1611 de
1148 1541 1223 1611 im-

142 1636 327 1735 positione
346 1664 523 1712 mauuum
540 1640 691 1712 verbum
709 1638 869 1725 faciunt,
889 1637 1014 1711 dicere
1023 1637 1221 1726 debemus,

143 1752 282 1833 praeter
298 1759 474 1809 manuum
492 1738 763 1835 impositionem
783 1734 876 1808 nihil
891 1734 990 1809 aliud
1008 1736 1084 1808 esse
1101 1739 1139 1807 in
1154 1738 1225 1807 Or·

144 1831 336 1904 dinanone
359 1834 594 1908 essentialiter
614 1835 862 1907 necessarium
887 1862 894 1904 :
917 1850 953 1905 et
979 1835 1050 1905 hoc
1074 1833 1225 1906 denotat

147 1932 304 2003 verbnm
324 1929 417 2003 illud
434 1933 589 2004 maxtin&
611 1963 623 2005 :
644 1932 713 2004 alia
729 1929 815 2004 veri)
833 1929 952 2003 saliam
972 1933 1110 2031 requiri
1127 1948 1224 2004 tam-

144 2034 259 2129 quam
281 2020 402 2124 partes'
413 2030 623 2129 integrales,
645 2058 730 2103 nem
759 2028 840 2103 irad
860 2029 1051 2103 clariorem
1067 2049 1224 2130 acceptae

56 2184 62 2193 .
143 2131 336 2227 potestatis
350 2127 646 2202 declarationem.
665 2059 846 2203 Prolatnr
865 2154 897 2201 a.
914 2131 1006 2222 Quia
1020 2130 1141 2211 Graeci
1160 2154 1224 2227 per

145 2227 263 2298 solam
278 2224 552 2329 impositionem
572 2246 748 2301 manuum
763 2226 979 2300 ordinantur
996 2226 1104 2324 :ergd
1123 2230 1153 2299 si
1171 2253 1226 2298 va·

142 2321 222 2397 lida
236 2341 290 2399 est
305 2326 496 2399 Ordinatio
514 2326 725 2399 Graecorum
750 2350 813 2424 per
829 2325 944 2397 solam
964 2352 1142 2399 maranum
1154 2324 1225 2397 im·

144 2427 388 2520 positionem
413 2427 463 2497 ito
490 2425 598 2496 etiam
621 2424 741 2497 valida
760 2422 933 2497 habenda
960 2439 1015 2497 est
1030 2423 1223 2497 Ordinatio

144 2522 383 2609 Latinorum,
402 2549 488 2596 cum
504 2537 601 2595 totus
616 2521 717 2596 valor
729 2524 1045 2595 sacramentorum
1065 2521 1225 2621 pendeat

147 2618 196 2691 ab
210 2620 375 2715 ipsorum
388 2621 558 2711 materia,
574 2636 611 2692 et
629 2620 743 2693 forma
762 2620 938 2694 institutis
957 2625 975 2692 a
990 2621 1136 2693 Christo
1150 2623 1226 2694 Do·

145 2718 273 2802 mino,
296 2719 360 2817 qui
379 2724 441 2811 (ut
458 2733 556 2818 patet
577 2744 620 2793 ex
639 2719 849 2818 Scriptura)
867 2744 934 2818 pro
951 2719 1099 2791 materia
1117 2717 1228 2792 Ordi-
1319 2720 1323 2729 '

142 2816 305 2889 'nationis
324 2819 789 2912 impositionemmanuum
805 2817 972 2891 institnit.
990 2816 1143 2891 Accedit
1163 2817 1230 2903 idn

94 2960 100 2969 -
152 2912 258 3011 quod
271 2913 425 2987 advertit
436 2913 624 2997 Benedici,
649 2915 753 2989 xlv.
783 2912 829 2986 de
849 2914 983 3013 Synod.
1002 2930 1027 2987 t.
1047 2942 1068 2987 2
1088 2943 1123 3014 p.
1142 2916 1229 3008 24⁸⁴

146 3036 192 3083 ex
209 3012 421 3086 doctissimo
441 3014 625 3104 Matiene,
644 3012 747 3114 quod
762 3013 1089 3086 instrumentorum
1109 3014 1228 3085 tradi-

145 3109 220 3201 tio,
240 3135 313 3185 non
332 3112 431 3210 priirs
448 3112 588 3185 invecta
602 3115 670 3202 sit,
687 3117 798 3213 quam
812 3109 945 3184 saeculo
959 3110 1055 3184 Vlll.
1080 3111 1138 3184 vel
1161 3112 1226 3183 IX.
1312 3136 1319 3152 ’

149 3209 269 3295 unde,
298 3211 328 3282 si
358 3210 459 3309 priias
487 3209 699 3284 Sacerdotes
723 3236 790 3307 per
817 3209 931 3282 solam
956 3210 1230 3307 impositionem

149 3331 330 3380 manuum
348 3307 466 3382 aalide
484 3307 775 3394 ordinabantur,
792 3333 860 3380 cur
878 3334 952 3380 non
977 3306 1116 3382 hodie?

199 3405 435 3505 Respondent
447 3409 525 3480 An.
543 3406 715 3482 secundae
732 3406 942 3493 sententiae,
963 3406 1153 3481 Christum
1168 3403 1232 3478 in·

94 3558 101 3573 .
151 3502 310 3576 stituisse
319 3506 486 3577 materias
502 3521 539 3578 et
553 3506 685 3580 formas
701 3506 1019 3578 Sacramentorum
1033 3507 1069 3577 in
1086 3529 1229 3600 genere,

152 3615 190 3675 et
203 3582 392 3701 reliquisse
408 3602 582 3678 Ecclesiae
602 3619 812 3700 potestatem
831 3628 889 3675 eas
907 3600 1173 3676 determinandi
1190 3602 1232 3673 in

136 3700 298 3798 specie,
327 3725 369 3771 ac
394 3700 497 3798 justis
515 3699 561 3774 de
581 3706 699 3775 causis
717 3701 906 3783 mutandi:
927 3699 1038 3774 modi)
1058 3698 1235 3772 adhibeat

152 3823 210 3871 res
235 3813 272 3872 et
294 3797 403 3871 verba
420 3799 658 3896 exprimentia
678 3805 857 3899 cujusque
876 3801 1099 3872 Sacramenti
1116 3796 1230 3869 effec-
1317 3866 1321 3872 .

153 3910 247 3970 tum.
262 3897 334 3970 Sed
347 3897 442 3970 hauc
456 3902 672 3972 sententiam
689 3905 726 3970 in
744 3914 847 3971 tract.
865 3897 910 3970 de
925 3898 1083 3971 Sacram.
1096 3897 1132 3965 in
1145 3920 1234 3991 gen.

155 4021 193 4069 n.
215 4022 256 4069 ra
276 3997 496 4069 asseruimus
512 4021 588 4068 esse
604 3997 726 4069 minias
742 3996 988 4096 probabilem,
1003 4011 1039 4069 et
1052 3992 1231 4085 diximus,

138 4086 342 4172 ·Christum
362 4097 403 4171 in
420 4096 548 4202 specie⁸
561 4094 820 4173 determinasse
838 4095 1031 4201 materias!
1045 4107 1083 4172 et
1098 4092 1236 4185 farrum
