2917 4709
265 234 318 303 di
385 235 459 304 Lib.
475 237 535 306 vl.
551 233 660 308 Tiaot.
679 237 740 308 IV.
757 237 808 305 De
820 235 1268 307 Sacramentoi’oenitentiae.

190 417 192 426 ,
273 376 293 414 ιι
324 347 375 420 rio
394 375 417 420 o
436 349 582 446 probato
597 347 643 421 ob
658 350 843 424 Ordinore'o
857 352 929 424 loci
935 378 949 435 ,·
965 351 1041 422 ride
1057 351 1220 432 dictari.-
1232 342 1318 437 564.
1331 343 1350 436 )
1361 340 1383 378 ⁶

273 475 293 515 ιι
324 376 440 520 oded
449 463 499 543 ut,
516 450 581 546 qui
606 448 753 540 docent,
771 449 956 524 confessos
971 444 1239 547 Reguioribus,
1262 445 1380 514 etism

274 573 294 610 s
325 546 364 616 in*
381 545 578 633 Poschate,
596 547 711 624 teodri
729 549 864 621 iteriim
878 548 1008 621 eadem
1024 544 1199 620 confiteri
1213 566 1285 615 suo
1306 542 1378 613 Pa-

273 672 293 711 o
324 644 439 718 rocho
454 700 464 735 ,
482 647 572 718 fiant
586 648 748 745 suspecti
770 646 815 720 de
837 646 978 720 haeresi.
998 647 1114 719 Diona
1136 669 1177 743 p.
1196 644 1222 735 4
1239 656 1334 713 tom.
1353 639 1377 710 8

274 770 295 808 ιι
325 742 369 826 R,
390 768 468 816 102.
489 743 651 819 etalii*
667 749 681 834 (
691 744 859 826 Joanncs
879 745 971 820 ΧΠ.
987 740 1174 817 damnarit
1189 736 1386 837 opiniones

274 868 297 911 n
323 840 481 913 Joonnis
504 840 646 915 Polioci
660 842 827 932 dr‘centis,
844 839 1097 938 Confessiones
1110 839 1240 933 joans
1258 836 1380 932 Regu-

275 965 297 1007 n
325 938 451 1012 lon'bus
461 942 673 1037 repetendos
687 944 785 1040 opud
794 944 970 1014 Coretum.
986 940 1124 1012 Deinde
1139 938 1258 1010 Clem.
1276 935 1315 1007 V
1309 932 1378 1004 m

276 1065 295 1103 ι»
326 1063 387 1109 an.
412 1038 557 1135 1592et
578 1040 689 1113 Clcm.
711 1039 751 1110 X
765 1039 801 1112 in
827 1041 952 1112 Consi.
975 1041 1196 1138 Supremo,¹
1211 1036 1382 1106 decreve-

279 1162 299 1203 ιι
325 1150 406 1208 runt
427 1192 435 1222 ,
459 1137 546 1208 bend
564 1135 771 1232 satisfacere
788 1137 1016 1231 Confessioni
1030 1161 1161 1209 annuoe
1177 1133 1245 1232 qui
1260 1128 1379 1223 corfi-

275 1262 294 1300 ιι
325 1249 441 1305 tentor
465 1234 549 1306 Reli
568 1234 653 1309 iosis
677 1235 874 1331 sinpliciter
894 1235 1104 1334 approbatis.
1130 1233 1227 1307 Vide
1257 1231 1381 1302 Benc-

277 1360 298 1408 ιι
326 1330 406 1404 dict.
423 1331 521 1404 XIV
520 1388 528 1405 .
584 1332 660 1428 otff.
679 1338 834 1430 idern.
851 1335 916 1430 5.)
933 1334 1008 1407 ‘vi
1026 1348 1150 1405 tamon
1168 1330 1290 1429 hujus
1306 1326 1381 1425 pri-

278 1459 299 1498 »
326 1428 448 1527 vilegii
472 1456 548 1505 non
575 1448 727 1530 possunt
751 1432 939 1506 absolvere
962 1458 1024 1504 eos
1049 1430 1284 1527 Religiosos,
1312 1436 1383 1498 aut

281 1555 301 1597 o
330 1530 549 1626 Religionis,
570 1555 652 1628 quae
670 1557 745 1603 non
762 1531 901 1604 habent
915 1530 1125 1603 facultatem
1142 1532 1249 1602 extra
1265 1549 1380 1598 soom

288 1655 309 1695 >i
332 1626 509 1700 Ordinem
529 1628 751 1714 confitendi,
766 1647 807 1703 ut
821 1656 864 1703 ex
882 1629 1070 1703 communi
1085 1642 1192 1699 notat
1210 1623 1327 1698 Rodr.
1342 1635 1385 1693 et

279 1756 300 1798 n
330 1723 459 1824 Comp.
475 1726 596 1825 privil.
617 1727 747 1801 Socict.
771 1755 803 1802 v.
822 1727 986 1823 Absol.§
1006 1754 1020 1802 ι
1043 1740 1080 1799 et
1099 1751 1143 1798 ex
1161 1725 1222 1796 his
1243 1725 1380 1820 Laym.

279 1854 298 1892 ι
329 1823 405 1898 hic.
421 1825 515 1916 Quia
538 1824 726 1997 ριίιίἰιῗίο
743 1825 902 1926 generali
915 1852 992 1898 non
1009 1838 1181 1897 censetur
1199 1820 1379 1918 derogari

224 1997 226 2004 ,
277 1953 300 1992 n
330 1923 609 2011 consuetudini,
627 1951 669 1998 ve
701 1939 837 2000 statuto
853 1922 1089 2025 particulari,
1109 1924 1182 1996 nisi
1200 1920 1241 1994 id
1256 1918 1379 2020 expri-

188 2109 191 2113 Δ
279 2051 301 2090 n
331 2037 464 2094 matur.
482 2023 500 2056 '
518 2025 534 2119 (
553 2022 688 2097 Clonin
706 2024 747 2097 id
762 2027 918 2122 explico!
934 2023 1017 2094 Pol.
1035 2045 1074 2118 p.
1101 2024 1142 2112 id
1163 2046 1205 2095 n.
1238 2046 1276 2091 ιι
1300 2040 1385 2089 curre

267 2129 300 2187 's
328 2117 428 2191 Suar.
455 2118 581 2216 loyor.
599 2136 671 2194 otc.
687 2122 769 2219 queis
796 2147 920 2194 omnes
943 2120 1144 2217 Religiones
1155 2115 1377 2216 pn'oilegzirm

283 2244 305 2290 n
331 2214 520 2290 habemas
538 2218 662 2291 innoc.
685 2219 709 2289 Ι
713 2221 749 2291 V
748 2277 757 2296 .
776 2234 813 2292 et
833 2220 912 2291 cliii
935 2216 1188 2313 Pontiicibus,
1208 2242 1256 2288 nc
1276 2211 1380 2286 Reli-

282 2344 304 2386 ιι
328 2315 424 2411 giost'
444 2317 547 2388 extrd
566 2316 732 2390 Ordinem
752 2317 831 2391 aliti
852 2317 1084 2411 corfiieontur
1099 2315 1176 2385 sne
1200 2333 1384 2385 consensu

284 2445 306 2483 n
334 2439 475 2487 suorum
498 2414 743 2494 Prolatonrm.
761 2417 807 2513 )“
824 2417 923 2489 Usus
938 2431 1060 2488 tamen
1079 2414 1149 2486 fert
1162 2433 1177 2498 ,'
1195 2426 1241 2486 ut
1254 2412 1379 2507 Regu·

283 2543 304 2582 n
333 2511 427 2585 lares
448 2514 739 2610 peregrinantes,
760 2539 803 2586 ex
819 2529 1040 2613 praesumpta
1055 2511 1245 2585 voluntate
1266 2509 1382 2607 Sope·

282 2645 306 2684 n
333 2613 494 2698 riorum,
512 2613 542 2684 si
556 2611 708 2685 Ordinis
730 2616 872 2686 socium
894 2635 970 2683 non
996 2609 1180 2694 habeant,
1203 2607 1379 2707 &quovis

276 2743 302 2782 ,ιι
333 2709 429 2799 alio,
447 2712 556 2783 etism
575 2709 742 2783 saeculari
757 2709 1016 2794 absolvantur,
1033 2707 1192 2806 exceptis
1207 2731 1373 2781 reserva-

280 2841 306 2882 s
334 2809 379 2880 tis
395 2838 404 2878 :
418 2810 457 2882 in
476 2808 606 2907 quiesi
624 2808 792 2908 Religiosi
812 2809 1000 2883 Societatis
1017 2812 1114 2880 extri
1137 2803 1376 2879 domicilium

285 2941 305 2979 n
329 2907 512 2994 incidant,
530 2905 681 2981 videant
694 2908 942 2982 ordinationes
959 2910 1077 3006 Proep·
1093 2907 1229 2982 Gener.
1244 2931 1282 2979 c·
1297 2901 1372 2976 6n.

284 3039 305 3077 n
333 3005 548 3104 detLaym.
564 3004 636 3078 hic.
666 3038 683 3072 ι
1220 3053 1226 3060 ·

226 3115 278 3188 5⁷5
334 3104 506 3203 Religioni
527 3109 826 3203 peregrinantes,
852 3105 881 3177 si
902 3103 1039 3176 habent
1060 3102 1203 3177 socium
1222 3100 1283 3173 sui
1304 3099 1378 3171 Or·

288 3204 413 3290 diois,
439 3202 574 3276 debent
599 3203 668 3300 ipsi
697 3204 889 3284 confiteri,
912 3217 956 3276 ut
978 3200 1110 3275 dicunt
1129 3197 1379 3272 communiter

287 3306 414 3402 Laym.
430 3318 475 3376 tr.
492 3300 517 3374 6
532 3327 564 3375 o.
589 3328 629 3375 io
644 3328 681 3374 ιι.
706 3327 768 3377 20.v
783 3303 898 3375 Ronc.
924 3329 959 3400 p.
979 3302 1026 3400 89
1073 3351 1082 3370 .
1104 3303 1127 3372 8
1147 3299 1187 3371 R.
1214 3321 1244 3371 1.
1262 3297 1374 3369 Tam·

287 3401 370 3475 bor.
383 3398 429 3472 de
440 3402 598 3475 Sacram.
608 3400 742 3473 Poenit.
757 3412 838 3501 c‘ep.
853 3402 875 3476 5
881 3402 914 3497 5
929 3425 950 3472 2
967 3425 1004 3473 n.
1024 3327 1076 3471 id.
1091 3398 1201 3470 Croix
1215 3423 1251 3469 n.
1270 3393 1373 3484 1524.

285 3498 399 3573 Salm.
422 3513 467 3570 tr.
501 3500 543 3571 ι8
564 3524 597 3571 c.
618 3501 694 3591 dn.
725 3499 790 3574 125
822 3500 837 3597 (
867 3500 929 3599 qui
950 3496 1045 3570 bend
1068 3494 1237 3581 addunt,
1263 3488 1376 3565 modi>

286 3598 410 3673 socius
429 3596 492 3669 ille
506 3597 553 3668 sit
572 3595 752 3681 idoneos,
768 3611 804 3669 et
820 3597 872 3671 sie
890 3598 998 3669 etiinn
1017 3598 1066 3667 La
1092 3622 1141 3667 m.
1162 3594 1298 3666 sentire
1316 3590 1377 3684 vi(

290 3697 401 3771 detur
420 3703 444 3788 t.
465 3697 513 3768 Et
540 3711 638 3794 patet
657 3721 701 3769 ex
718 3694 838 3767 vorbis
857 3695 985 3768 innoc.
1011 3622 1112 3765 viil.
1143 3708 1185 3765 ut
1208 3688 1316 3764 iniri.
1339 3685 1376 3759 Si

288 3794 373 3868 sord
391 3793 485 3867 desit
510 3796 657 3879 socios,
680 3793 737 3866 rel
758 3795 851 3867 aiios
869 3792 1121 3866 Confessorius
1142 3790 1296 3863 idoneus
1316 3784 1372 3858 sui

288 3894 463 3976 Ordinis,
480 3892 575 3966 bend
594 3906 746 3988 possunt
766 3917 809 3965 ex
828 3907 1053 3991 praesumpta
1070 3890 1216 3961 licentia
1231 3882 1375 3960 Praeiati

290 3992 458 4065 confiteri
472 3991 576 4065 alteri
590 3992 776 4071 Sacerdoti
796 3993 930 4064 idoneo
947 3991 1103 4089 regulari
1119 4042 1129 4071 ,
1148 3989 1203 4059 rel
1219 3982 1373 4059 soecula-

292 4092 324 4166 ri
344 4116 354 4185 ;
377 4106 415 4168 et
437 4092 477 4164 in
497 4091 567 4165 hoc
593 4116 720 4170 omnes
749 4093 984 4166 conveniunt
1010 4085 1084 4162 Sed
1107 4086 1271 4162 dubium
1293 4094 1375 4168 est,
