2917 4709
236 180 301 265 tet
464 194 536 264 Lib.
556 188 1102 269 V1.Tract.V1.DeMatrimonto·
1188 228 1193 237 ·

237 324 258 371 ὑ)
287 303 450 381 'conditio
471 306 641 408 obligans
666 308 713 382 ad
742 307 885 407 aliquid
913 308 1326 382 contrariumoarentire
1412 360 1417 365 -

240 429 256 469 a
289 405 524 479 matrimonii.
538 407 648 483 Unde
660 404 819 481 invalide
833 407 1018 480 contrabit
1030 465 1039 491 ,
1053 409 1116 505 qui
1133 407 1326 480 vinculum

239 532 256 563 a
288 502 511 578 matrimonii
527 502 605 577 vult
624 505 767 578 tautirm
780 505 912 579 durare
923 530 990 607 per
1003 530 1166 601 annum,
1187 504 1245 578 vel
1261 530 1325 576 re·

238 629 259 667 u
285 618 404 676 servat
430 601 499 676 sibi
525 618 740 703 potestatem
762 603 1017 687 adulterandi,
1045 602 1107 677 vel
1127 626 1203 676 nou
1234 601 1325 675 recl·

239 728 258 763 n
287 699 398 772 nendi
414 700 576 776 debiturn
591 701 891 799 debiteexigenti.
906 701 953 773 V.
966 703 1077 776 Peren
1088 730 1119 774 s.
1134 700 1237 786 6etc,
1248 699 1324 773 l-o.

116 806 125 819 ‘
182 810 231 865 sm
286 796 376 870 Tres
395 801 482 873 lines
497 803 535 873 in
553 801 785 875 Matrimonio
799 800 1022 873 considerari
1037 800 1323 899 possunt,fines

238 892 428 971 intrinseci
438 899 651 973 essentiales
670 955 679 978 ,
695 901 882 972 intrinseci
897 899 1140 972 accidentales
1155 954 1165 983 ,
1179 912 1216 971 et
1231 899 1325 970 lines

238 994 482 1070 accidentales
497 992 817 1072 extrinseciFines
831 997 1010 1075 intrinseci
1014 996 1222 1069 essentiales
1234 1008 1325 1068 sunt

239 1088 500 1183 duo,traditio
522 1111 647 1170 mutua
671 1122 756 1169 cum
780 1094 1002 1193 obligatione
1021 1093 1202 1169 reddendi
1219 1093 1324 1167 debi-

237 1203 339 1282 tum,
355 1209 393 1266 et
406 1193 595 1267 vinculum
615 1193 884 1270 indissolubile.
908 1192 1018 1266 Fines
1037 1191 1218 1267 intrinseci
1233 1192 1325 1265 occi·

239 1290 399 1362 dentales
416 1296 549 1390 pariter
564 1310 651 1365 sunt
665 1292 760 1377 duo,
781 1294 985 1392 procreatio
1002 1289 1116 1393 prolis
1131 1306 1194 1374 ,et
1206 1314 1324 1364 reme·

240 1385 342 1458 diurn
371 1391 689 1504 concupiscentiae.
716 1392 826 1464 Fines
851 1404 973 1464 autem
996 1390 1234 1462 occtb'entales
1257 1412 1325 1459 cx-

240 1485 384 1557 trinscci
405 1487 553 1584 plorimi
581 1510 659 1564 esse
690 1502 871 1591 possunt,
900 1503 940 1561 ut
970 1513 1038 1586 pax
1062 1485 1323 1576 concilianda,

241 1581 326 1667 rolu
358 1598 411 1659 tas
451 1589 660 1703 captanda,
690 1606 758 1660 etc.
789 1587 856 1661 His
881 1587 1005 1686 positis
1033 1601 1173 1661 certum
1205 1599 1257 1657 est
1291 1612 1323 1658 r.

243 1610 366 1780 quusi.
381 1687 409 1755 si
436 1712 519 1786 quis
540 1687 773 1760 contraheret
787 1742 797 1771 ,
811 1684 962 1784 positive
981 1682 1215 1758 'excludendo
1235 1684 1326 1755 lineo

242 1781 458 1856 intrinsecos
481 1782 738 1863 substantiales
763 1784 1011 1871 Matrimonii,
1042 1782 1175 1878 nempe
1200 1782 1324 1857 anitno

242 1904 320 1951 non
341 1876 519 1956 reddendi
535 1882 722 1967 debitum,
748 1882 805 1961 rel
824 1880 1066 1957 contrahendi
1091 1880 1139 1955 ad
1155 1896 1324 1978 ternpus,

241 2001 318 2049 non
334 1977 455 2052 solium
467 2000 648 2079 peccaret,
662 1979 727 2053 sed
742 1981 889 2057 nullum
903 1981 1012 2055 iniret
1024 1962 1294 2055 Matrimonium
1312 2004 1323 2065 3

242 2074 292 2165 itt
306 2080 552 2153 communiter
564 2107 690 2154 omnes
704 2087 792 2154 'cum
804 2082 850 2155 D.
864 2079 935 2152 Tb.
949 2079 986 2150 in
1000 2082 1035 2171 4.
1049 2081 1092 2152 l).
1107 2079 1147 2152 31
1168 2103 1215 2176 qe
1228 2104 1239 2148 ι
1255 2089 1325 2151 art

243 2168 278 2244 3.
290 2172 441 2247 Certum
451 2193 505 2251 est
519 2198 552 2251 2.
563 2177 678 2279 quod,
690 2179 719 2250 si
737 2179 818 2278 quis
831 2176 1044 2256 excluderet
1059 2176 1152 2250 duos
1168 2177 1258 2248 lines
1271 2174 1331 2245 in·

243 2267 420 2348 trinsecus
444 2275 712 2359 accidentales,
738 2303 813 2350 non
836 2275 956 2348 solbm
972 2274 1116 2358 vatidt,
1137 2272 1328 2347 sedetiam

242 2362 346 2443 licite
374 2389 493 2467 posset
518 2376 741 2475 quandoque
765 2375 1009 2458 contrahere,
1041 2371 1150 2468 prout
1175 2375 1206 2445 si
1235 2385 1330 2445 esset

242 2490 380 2552 senex,
405 2484 442 2543 et
460 2471 616 2549 nuberet
637 2475 715 2547 sine
741 2500 805 2574 spe
832 2472 1050 2573 procreandi
1071 2470 1233 2569 prolem,
1261 2496 1331 2544 neo

244 2565 453 2643 intenderet
474 2571 676 2654 remedium
697 2572 1005 2668 concupiscentiae
1020 2594 1030 2659 ;
1051 2569 1187 2643 sufficit
1202 2570 1330 2654 enim,

246 2663 1331 2767 quodsalventnrlrnessubstantiales,utsupr53etsiccon·

244 2774 434 2841 traxerunt
446 2770 485 2841 Β.
502 2770 614 2867 Virgo
628 2796 713 2843 cum
728 2770 763 2841 S.
781 2768 943 2867 toseph,
960 2769 1023 2866 qni
1037 2767 1165 2864 utique
1178 2791 1252 2838 non
1267 2769 1330 2837 in-

246 2860 445 2937 tenderunt
466 2871 759 2965 procreationem
781 2867 912 2964 prolia,
930 2890 999 2941 nee
1018 2865 1220 2937 remedium
1237 2890 1329 2936 eon-

247 2964 507 3059 cupiscentiae,
537 2981 572 3038 ct
606 2982 725 3039 tamen
753 2962 914 3041 validum
941 2963 1092 3065 quidem
1121 2981 1159 3036 et
1185 2962 1329 3035 licitum

247 3065 460 3156 conjuginm
480 3065 670 3155 inierunt,
690 3089 733 3137 es
752 3064 881 3139 Mattb.
902 3089 933 3136 e.
956 3091 966 3136 r
991 3087 1079 3136 tnnc
1097 3059 1159 3134 ubi
1172 3090 1180 3129 ε
1193 3060 1284 3134 Noti
1294 3058 1335 3131 ti·

241 3181 341 3235 rnere
353 3161 672 3258 acciperelllariam
688 3163 870 3261 conjugem
881 3177 988 3247 tuam.

297 3255 495 3332 Dubitatur
519 3262 619 3334 mla
635 3261 823 3335 venialiter
841 3273 993 3359 peccet,
1042 3259 1079 3329 ni
1098 3255 1205 3331 nubit
1224 3257 1332 3355 prin-

243 3353 416 3451 cipaliter
429 3358 476 3430 ob
489 3360 692 3433 remedium
707 3284 1039 3457 correopiscentioel
1050 3356 1172 3428 Prima
1189 3371 1334 3429 senten-

249 3450 298 3520 tia
319 3452 475 3529 allirrnat
493 3472 530 3530 et
556 3458 650 3533 banc
670 3473 766 3549 tenet
790 3459 826 3530 S.
847 3456 919 3531 Tb.
947 3452 1081 3553 Suppl.
1102 3480 1137 3552 q.
1155 3457 1204 3553 49
1222 3472 1288 3526 art.
1307 3456 1329 3527 5

249 3548 297 3620 ad
317 3577 347 3640 a,
363 3579 471 3650 quern
491 3573 697 3655 sequuntur
711 3556 801 3630 Nar.
821 3581 853 3629 c.
870 3580 915 3628 22
932 3580 968 3625 n.
985 3579 1022 3653 9.
1040 3551 1161 3625 Natal.
1180 3553 1281 3625 Alex.
1297 3578 1332 3626 a.

248 3646 363 3722 tw.
380 3654 414 3727 3.
430 3655 543 3727 Cone.
560 3672 584 3726 t.
608 3656 715 3728 rode
731 3655 834 3739 Matr.
882 3651 1271 3752 ag.393n.5Bos.c.
1292 3678 1331 3723 ιο

247 3766 286 3818 n.
302 3688 374 3820 nbi
392 3776 478 3827 cnm
497 3754 591 3853 Sytv.
612 3755 726 3829 Henr.
745 3680 885 3826 ethrl.
905 3778 949 3824 ac
965 3749 1100 3823 Saneb.
1117 3748 1143 3821 l.
1170 3777 1197 3822 r.
1215 3751 1260 3821 D.
1286 3774 1333 3848 29

245 3868 287 3917 n.
306 3846 365 3919 26.
383 3847 428 3922 Id
443 3857 664 3951 probantes
682 3854 903 3928 auctoritate·
918 3851 1162 3949 plurimorum
1176 3848 1241 3920 SS.
1258 3849 1332 3921 Pa·
1431 3914 1442 3931 ‚

243 3955 356 4018 trum
385 3946 476 4022 Item
504 3949 661 4047 probant
684 3953 850 4032 ratione.
901 3949 983 4031 uia,
1014 3946 1102 4019 licet
1123 3946 1331 4019 remedium

240 4053 488 4142 coucupiscen
501 4055 562 4125 tie
585 4053 632 4127 sit
656 4050 765 4127 etiam
785 4049 868 4125 finis
919 4059 1065 4122 onestos
1080 4044 1330 4131 Matrimonii,
