2917 4709
292 205 374 299 Cap.
384 204 427 273 Π.
438 201 526 276 nun.
539 199 586 273 li.
602 205 652 274 De
667 199 871 276 Sacramenta
884 199 1029 273 Ordinis.
1138 183 1202 273 '515

884 322 897 340 ,Ο

124 335 151 414 ᾳ
166 343 203 417 p.
227 339 290 418 ¹⁰7
302 344 377 394 rer.
393 319 533 418 Siquis.
545 320 668 406 Ratio,
683 320 768 419 quia
783 335 871 392 tunc
878 345 960 488 prm
978 331 1120 408 exercet
1134 322 1202 392 Or*-

128 416 253 496 dinem
271 444 355 492 eum
375 413 543 492 censure¹
573 415 644 493 ritrs
663 431 859 490 contracta.
898 417 1057 516 demque
1072 414 1205 490 meritit

128 515 180 588 sit
196 516 355 603 Tauro,
377 541 465 592 cum
483 445 589 590 Avila
609 515 805 614 procedere
830 514 876 587 de
899 515 1118 605 Sacerdote,
1139 515 1205 615 qui

128 612 363 786 {pnoelebraot
377 641 462 789 epm
477 617 680 717 Episcopo,
699 630 825 688 contra
840 614 939 715 Sayr.
964 630 999 687 et
1013 616 1136 715 Lapm.
1148 613 1206 702 ¹de

168 735 205 784 re
233 740 293 786 .c.
350 740 388 789 n.
431 769 439 786 .

133 855 137 866 ·
180 735 395 885 Ngotandum'
416 812 451 887 3.
471 812 575 912 quod
600 826 685 888 retas
707 811 954 910 computanda
978 812 1024 883 sit
1047 838 1124 887 non
1146 809 1265 889 dietas
1316 831 1318 833 ’

129 906 329 1006 Baptismi,
347 908 412 984 sed
433 912 646 1001 nativitatis,
669 924 711 983 ut
727 925 872 983 constat
888 936 931 984 ex
950 937 982 983 c.
1006 910 1028 982 3
1049 926 1085 983 et
1104 911 1205 1000 aliis,

129 1008 221 1082 Dist.
242 1008 415 1107 7'7Nide
429 1011 590 1096 Croixn.
613 1007 719 1084 2306.
742 1006 938 1102 Dubitatur
953 1005 1074 1081 sutem
1098 1036 1129 1081 r.
1148 1014 1208 1082 An

130 1107 214 1206 quis
235 1131 341 1182 mane
355 1105 451 1198 diei,
474 1110 512 1181 in
532 1112 639 1208 cajus
652 1134 710 1181 ves
740 1133 800 1181 era
816 1106 977 1207 complet
993 1122 1135 1182 aetatem
1149 1125 1208 1181 re*

133 1201 326 1302 quisitam,
343 1206 458 1304 possit
469 1205 657 1281 ordinarii
672 1133 866 1279 Alirmsnt
882 1207 988 1278 Dian.
1006 1217 1100 1306 part.
1116 1221 1205 1304 9tr.

128 1321 167 1400 9.
184 1302 223 1376 R.
241 1301 298 1377 50.
312 1302 423 1378 Salm.
441 1333 473 1379 c.
495 1303 570 1379 5n.
590 1303 630 1378 31
652 1331 737 1377 cum
757 1303 955 1389 Ledesma,
974 1320 1008 1376 et
1028 1303 1209 1381 Philiber.

132 1426 174 1472 ac
192 1395 327 1475 Escob.
343 1429 380 1478 n.
399 1402 470 1498 264
484 1429 569 1475 cum
587 1403 706 1477 Trull.
723 1418 760 1478 et
775 1403 914 1476 March.
935 1417 1014 1474 tum
1033 1403 1120 1506 quia
1134 1405 1209 1475 mi-

133 1500 277 1573 nimum
293 1527 362 1601 pro
378 1501 495 1575 nihilo
510 1516 721 1602 reputatum
737 1516 816 1574 tum
833 1502 918 1600 quia
933 1501 1010 1573 dies
1040 1504 1208 1602 inceptus

132 1596 171 1670 in
184 1596 441 1673 favorabilibus
454 1598 610 1674 habetur
623 1624 691 1700 pro
700 1600 885 1696 completo
895 1626 902 1682 ;
914 1613 993 1698 turn
1003 1601 1109 1672 etiarn
1123 1625 1210 1699 qrrra

132 1720 280 1792 vespera
293 1754 302 1780 ,
315 1714 351 1769 et
366 1724 469 1772 mane
483 1698 668 1772 moraliter
679 1714 879 1771 sumuntur
892 1725 958 1796 pro
972 1701 1043 1770 una‘
1060 1695 1210 1773 dissert
1269 1739 1275 1751 ·

162 1792 361 1869 robabiliirs
385 1796 423 1869 id
446 1812 579 1893 negant
600 1798 708 1870 Croix
731 1823 770 1870 n.
799 1799 893 1896 2309
914 1823 999 1870 oum
1019 1795 1150 1886 Navar,
1168 1797 1211 1871 'et
1258 1885 1270 1896 ..

133 1819 226 1964 l'itl.
242 1879 331 1967 item
347 1896 487 1970 March.
500 1897 610 1997 Pasq.
624 1911 663 1969 et
674 1894 789 1969 Narb.
802 1893 905 1995 apud
918 1893 1052 1984 Escob.
1070 1921 1106 1972 n.
1122 1898 1209 1974 261.
1234 1915 1241 1934 ‘
1260 1923 1264 1928 ·

130 1990 360 2092 Ratio‚.quia
381 2019 411 2065 v.
437 2021 492 2092 gr.
518 2019 585 2094 pro
609 1992 880 2067 subdiaconatu
899 2009 983 2070 oetas
1006 1994 1113 2067 debet
1132 2021 1211 2070 esse

134 2115 254 2166 annus
267 2117 314 2164 an
325 2092 512 2192 inceptus3
528 2091 625 2167 unde
640 2094 703 2194 qui
714 2119 852 2167 annum
868 2119 996 2167 arnon
1020 2092 1232 2190 resecem:¹

133 2188 271 2291 plevit,
291 2190 441 2265 minime
456 2206 577 2291 potest
587 2191 661 2267 dici
676 2218 814 2265 annum
836 2218 881 2267 υ
900 2195 1091 2291 attigisse..
1117 2221 1122 2228 ·

180 2287 345 2364 Dubitat
368 2345 374 2362 .
393 2290 451 2364 An
470 2290 546 2364 dies
564 2290 651 2364 anni
666 2290 859 2365 bissextilis
877 2295 989 2391 possit
1005 2287 1152 2366 excludi
1170 2293 1209 2366 in

134 2388 369 2489 supputanda
393 2402 497 2465 etate
521 2390 857 2466 ordinandorum?
881 2389 1076 2464 Affirmant
1098 2385 1209 2468 barbi
1295 2461 1297 2466 ,

134 2486 362 2588 Henrrssylr.
379 2505 446 2564 eto.
464 2490 562 2590 apud
580 2488 688 2564 Saltu.
709 2517 741 2564 c.
759 2491 831 2564 Su.
850 2489 895 2561 32
917 2494 1002 2589 quia
1019 2515 1136 2562 annus
1156 2515 1211 2561 re·

136 2585 292 2684 quisitus
308 2586 526 2686 intelligitur
543 2614 611 2688 per
627 2614 665 2664 se
685 2614 805 2661 annus
819 2587 1030 2660 'ordinarius
1046 2645 1055 2677 ,
1078 2585 1211 2688 nempe

134 2696 307 2756 constans
325 2686 393 2759 365
411 2686 551 2758 diebus.
569 2683 638 2759 Sed
656 2685 774 2758 veriirs
793 2701 927 2782 negant
942 2689 1033 2760 Bon.
1051 2687 1086 2758 u.
1108 2688 1131 2756 8
1148 2714 1210 2785 qu.

17 2823 20 2826 ·
131 2782 238 2853 unica
260 2809 295 2880 p.
310 2781 331 2854 5
348 2809 384 2856 n.
407 2785 461 2876 14.
482 2785 614 2857 Sanch.
630 2784 676 2856 de
694 2786 850 2858 Matrim.
869 2784 904 2855 d.
924 2789 966 2877 24
982 2814 1017 2855 n.
1037 2811 1079 2856 aa
1096 2787 1212 2857 etEs·

137 2878 219 2952 cob.
237 2907 274 2956 n.
294 2880 364 2954 286
377 2907 463 2955 oum
483 2881 639 2970 March,
653 2882 755 2954 Molas.
768 2883 902 2954 Dicast.
919 2899 955 2954 et
967 2884 1072 2954 Dian.
1088 2881 1210 2967 Ratio,

54 3001 57 3005 “
137 2979 223 3075 quia
252 2978 298 3051 ad
323 2991 466 3053 aetatem
498 2980 707 3080 requisitam
738 2983 823 3053 anni
852 2989 937 3054 eunt
970 2979 1212 3078 computandi

137 3081 238 3175 iuxta
259 3076 562 3170 cousuetudinem
581 3077 767 3161 Ecclesiae,
793 3099 875 3177 quae
893 3079 990 3152 recte
1006 3085 1148 3164 statuit,
1171 3069 1213 3168 tit

136 3173 184 3247 de
194 3177 402 3274 quaereris
418 3194 574 3278 quatuor
586 3203 700 3250 annos
711 3178 867 3250 addatur
885 3203 979 3250 unus
1000 3176 1088 3263 dies,
1100 3195 1211 3279 prope

136 3287 195 3345 ter
215 3275 320 3348 horas
338 3297 420 3373 quas
435 3273 655 3374 ira-quolibet
672 3301 768 3347 anno
789 3289 995 3376 supersunt.
1140 3294 1142 3300 ’

186 3373 333 3446 Certum
350 3389 405 3448 est
419 3390 554 3463 autem,
571 3373 673 3474 quod
683 3375 855 3473 Episcopi
873 3374 985 3447 nullo¹
997 3373 1105 3447 morlo
1124 3387 1212 3472 pos&

137 3469 265 3556 sintin
283 3489 385 3548 aetate
405 3473 633 3572 dispensare3
652 3491 903 3546 verumtamen
926 3473 1014 3548 tticir
1031 3477 1139 3547 Croin
1172 3501 1212 3548 n.

137 3570 248 3662 2314.
279 3570 388 3644 hodie
409 3595 452 3644 ex
476 3574 625 3670 speciali
657 3572 842 3672 privilegio
872 3600 981 3696 posse
1007 3575 1213 3670 Episcopo·
1250 3623 1255 3633 .

137 3670 351 3767 dispensare
368 3668 414 3741 ad
437 3684 577 3743 certum
605 3687 776 3770 tempus,
797 3670 925 3745 saltem
948 3696 1013 3766 pro
1032 3670 1210 3764 beneficio

136 3785 264 3846 curato
281 3824 289 3855 ‚
307 3769 369 3841 ubi
387 3783 441 3840 est
460 3769 647 3842 necessitas
662 3826 670 3854 ,
687 3769 743 3841 vel
758 3770 894 3842 utilitas
909 3770 1095 3843 Ecclesiae.
1144 3831 1147 3836 <
1204 3781 1209 3794 ’

133 3902 138 3911 ·
187 3868 332 3966 Requir.
356 3869 435 3942 ΧΠ.
461 3867 613 3960 insuper
634 3869 677 3939 ad
696 3867 949 3966 suscipiendos
967 3866 1149 3950 Ordines,
1170 3853 1264 3966 ulle!

140 3962 339 4038 initiandus
353 3965 551 4038 exercuerit
566 3967 610 4039 01
619 3965 741 4038 dinem
752 3968 854 4064 pribs
868 3989 970 4040 susce
977 3982 1080 4063 ptum
1098 3970 1132 4038 iu
1142 3967 1211 4060 Ec·

140 4060 273 4166 alesia,
292 4065 352 4140 cui
374 4064 675 4170 essartscrtprus,
701 4090 744 4140 es
762 4063 867 4140 Trid.
892 4090 977 4141 sess.
995 4066 1094 4146 23⁸0.
1113 4071 1153 4140 st
1175 4080 1214 4141 et
1329 4071 1331 4074 ’
