2917 4709
316 186 400 280 cap.
409 186 451 256 11.
465 157 612 254 nus'n.
629 185 678 253 m
691 185 895 255 sesamino
912 184 1066 254 uranu
1164 183 1228 274 529

134 299 295 396 ¹gissus,
315 315 350 371 ct
364 325 459 371 uxor
477 312 571 371 osset
583 299 743 412 juvenis,
759 325 803 373 ex
819 315 851 373 ε’.
868 300 960 373 Cam
975 300 1059 391 sun
1073 296 1155 371 eod.
1169 302 1227 376 tit.

150 397 215 468 ubi
232 400 283 469 sic
301 397 460 470 dicitur:
476 394 708 472 Prohtbomos
729 422 776 469 ne
795 398 902 469 virum
921 399 979 470 rel
989 422 1155 482 uxorem,
1172 397 1227 466 ni·

150 492 186 563 si
203 511 342 595 aterque
362 494 413 567 od
425 493 640 592 Religionem
658 493 838 593 migravit,
861 496 1010 568 transire
1029 495 1225 592 permittas.

151 592 278 665 Verum
297 649 306 684 ,
321 593 357 667 si
370 594 419 666 iot
435 620 527 666 uxor
538 617 651 667 sonex
664 610 737 681 est,
752 594 918 666 etsten'lis
933 649 942 679 ,
957 592 1052 693 qood
1062 591 1137 663 sino
1148 617 1228 678 sos·-

142 689 285 785 picione
304 692 420 788 possit
443 716 521 763 csse
543 690 744 779 znsoeculo,
764 690 982 764 dissimulare
1001 690 1151 789 potens,
1169 705 1225 780 ut,

149 813 193 858 eo
216 787 252 858 in
277 791 402 862 noculo
421 806 641 875 remanente,
662 804 698 863 et
718 790 915 862 castitatem
923 788 1143 888 promittente
1151 848 1164 884 ,
1180 789 1232 862 od
1274 803 1276 808 '

67 889 71 898 ’
146 885 366 984 Religionem
380 901 537 960 transeat
553 886 603 957 vir
617 879 801 984 ejusdem}
1015 942 1019 952 .
1064 879 1067 888 ’

24 991 29 998 ’
199 984 326 1058 Dubit.
351 1010 385 1074 a,
408 992 466 1058 An
489 983 623 1058 mulier
639 985 753 1086 hujus
769 985 837 1059 viri
862 985 908 1059 sd
934 986 1091 1060 Ordines
1106 1011 1226 1059 sacros

178 1084 335 1172 romoti,
361 1084 570 1160 sicmiacrit
591 1083 747 1181 simplex
771 1100 897 1157 votum
921 1085 1134 1171 uastitatis,
1163 1109 1228 1154 va·-

149 1108 225 1256 iidt
251 1181 442 1256 contrahat
461 1183 734 1257 Matrimonium
757 1199 838 1283 post
857 1198 1011 1257 mortem
1032 1185 1096 1256 viri
1115 1181 1228 1253 i'Prr‘-

150 1305 209 1351 mo
232 1282 409 1353 sententia
433 1305 479 1354 ne
506 1295 561 1367 at,
578 1296 613 1353 ct
631 1281 726 1354 hanc
751 1297 875 1354 tenent
897 1282 1030 1356 Sanch.
1047 1280 1100 1355 ·de
1121 1283 1228 1354 M'atr.

150 1374 178 1449 l.
198 1402 218 1472 7
236 1377 274 1450 d.
292 1383 338 1473 4ο
352 1408 389 1451 n.
406 1407 439 1453 α.
458 1308 628 1453 tinnitu
649 1391 674 1452 t‘.
688 1382 712 1473 4
728 1408 751 1478 ρ
779 1380 849 1453 213
864 1395 899 1451 et
912 1381 1022 1453 Salm.
1038 1377 1228 1476 c.6n.59.

150 1500 235 1548 cum
261 1479 450 1551 cummuni
470 1491 708 1566 musseium,
726 1503 771 1550 cx
793 1503 827 1550 c.
845 1479 938 1573 Quia
952 1495 1053 1576 sunt8
1073 1475 1164 1551 sod.
1183 1477 1228 1547 23

124 1572 215 1647 nbi
242 1574 394 1673 loquens
416 1576 456 1648 D.
487 1577 596 1672 Greg.
619 1575 666 1649 dc
692 1575 856 1650 secundo
883 1577 1116 1663 Matrimonia
1137 1577 1228 1647 inito

150 1698 236 1743 cnm
262 1674 476 1773 hujusmodi
503 1701 640 1756 uxore,
669 1673 782 1748 dicit:
802 1674 872 1774 Qui
882 1676 973 1747 moli
988 1674 1116 1750 sociati
1126 1688 1228 1759 sont,

150 1769 402 1869 disjungantur.
427 1775 477 1846 Et
499 1773 595 1844 idern
623 1771 759 1847 dicitur
783 1774 820 1845 in
842 1773 931 1845 Can.
952 1799 1028 1872 seq.
1054 1799 1088 1844 ιι
1111 1770 1165 1868 ἢ),
1179 1772 1249 1843 Et'

132 1871 242 1939 ratio
279 1884 359 1953 est,
382 1875 467 1971 quia
491 1871 656 1946 Ecclesia
684 1869 734 1944 ob
762 1873 1000 1944 reverentiam
1032 1868 1180 1943 Ordinis
1208 1880 1228 1941 a

148 1965 270 2066 primo
284 1968 363 2044 viro
377 1970 575 2064 assumpti,
587 1986 623 2043 et
639 1967 687 2042 ob
705 1968 892 2042 licentiam
904 1969 1028 2044 uxoris
1043 1968 1226 2053 voventis,
1255 1977 1259 1986 '

148 2063 272 2137 reddit
287 2091 367 2138 eam
382 2066 583 2141 inhabilem
599 2068 645 2140 ad
658 2066 887 2166 subsequens
901 2068 1127 2162 con'ugium.
1141 2067 1227 2139 Haec

149 2164 328 2237 sententia
354 2182 407 2238 est
429 2166 579 2263 quidem
596 2169 854 2255 communior,
874 2181 910 2240 et
928 2095 1033 2240 vaidi
1053 2163 1229 2264 probabi-

148 2259 218 2348 lis;
243 2262 308 2335 sed
334 2266 418 2338 satis
442 2263 641 2362 probabilis
667 2280 722 2337 est
743 2266 849 2340 etiim
868 2264 1029 2340 secunda
1047 2264 1229 2340 sententia

149 2386 235 2434 cum
253 2360 325 2433 Soc.
348 2363 394 2437 de
416 2364 508 2438 Just.
526 2362 591 2462 l.7
612 2389 674 2461 qu.
695 2363 716 2438 5
736 2378 802 2436 art.
819 2363 840 2436 3
855 2364 928 2439 Sol.
947 2364 993 2436 ad
1008 2389 1029 2434 2
1047 2379 1083 2435 et
1098 2360 1229 2436 Pontio

149 2457 176 2530 Ι.
200 2482 273 2557 70.
296 2460 398 2533 2511.
424 2489 476 2534 ro.
498 2463 560 2558 qui
580 2459 939 2559 dicunt,'praetatum
957 2462 1230 2534 Matrimonium

147 2580 226 2628 esse
248 2555 431 2646 validum
453 2560 539 2632 licet
563 2564 662 2631 enim
686 2562 723 2630 in
744 2562 901 2657 praesatis
923 2558 1078 2633 textibus
1098 2557 1231 2655 procri-

150 2654 273 2749 piatur
296 2660 474 2752 separatio
500 2662 702 2753 coniugum
720 2659 759 2728 in
775 2684 924 2756 poenam
938 2656 1089 2730 secundi
1108 2659 1231 2732 Matri·

147 2752 264 2828 monii
280 2758 479 2843 contracti,
498 2781 573 2826 non
591 2770 712 2828 tamen
727 2756 936 2829 declaratur
955 2757 1231 2831 Matrimonium
1321 2747 1331 2764 ’

148 2875 227 2924 esse
245 2848 414 2940 nuilum;
429 2850 527 2926 tanti>
547 2853 658 2948 magis
674 2851 798 2952 *quod
811 2843 1032 2948 huiusmodi.
1047 2880 1152 2951 poena
1171 2882 1231 2928 sc·
1343 2906 1350 2918 ·

147 2949 348 3049 parationis
372 2951 480 3040 otiim
509 2949 587 3026 aliis
617 2950 832 3024 criminibus
860 2954 895 3024 in
928 2957 1007 3050 jure
1029 2953 1231 3051 imponitur

127 3063 213 3141 tut
239 3044 371 3146 probat
389 3048 543 3122 Pontius
563 3077 597 3123 c.
612 3073 657 3123 ao
673 3076 710 3121 n.
725 3048 805 3143 6.),
824 3048 962 3149 absque
978 3076 1020 3122 eo
1037 3051 1138 3151 quod
1155 3054 1231 3128 Ma·

148 3147 364 3218 trimonium
380 3146 428 3219 sit
445 3145 606 3222 nullum.

198 3245 256 3316 An
271 3255 393 3322 autem
410 3247 488 3336 vir,
514 3248 578 3345 qui
596 3249 750 3344 oxjuata
768 3272 875 3319 causa
895 3260 1114 3346 perpetuum
1133 3244 1231 3320 secc-

146 3341 196 3412 rit
209 3340 405 3415 disortium
423 3345 470 3418 ab
485 3369 614 3430 uxore,
656 3345 805 3436 omissi
824 3346 936 3418 inscia
954 3344 1009 3417 vel
1022 3347 1145 3431 inviti,
1163 3349 1230 3420 Or·

147 3436 253 3524 dines
271 3465 392 3512 sacros
407 3445 592 3539 suscipere
602 3439 618 3517 i
630 3371 726 3520 Mido
743 3441 899 3517 dicenda
914 3443 959 3516 do
972 3445 1076 3520 Matr.
1093 3469 1129 3518 n.
1144 3444 1229 3545 965.

145 3535 212 3613 ubi
232 3535 398 3611 dicemus
418 3566 504 3614 cum
520 3540 732 3629 commoni,
746 3543 848 3642 quod
873 3544 1000 3643 possit.

689 3687 738 3763 lt.

354 3829 411 3905 De
436 3687 827 3933 obtr‘gationestabendt
852 3836 1017 3920 Titulnun

148 3973 210 4042 815
232 3973 332 4044 Porto
346 3979 378 4044 in
396 3981 671 4050 contravenientes.

149 4059 214 4138 int
234 4062 283 4134 De
295 4065 386 4133 tituto
401 4065 612 4172 Paupettctis.
678 4093 684 4104 ’
