2917 4709
229 244 293 318 ιιι
451 216 1076 322 us.v1.ttact.vt.1iennuim0u·.
1168 218 1174 227 ’

227 359 471 437 communiter
482 361 611 436 dicunt
626 360 764 463 praefati
781 362 859 434 ΑΑ.
877 388 962 436 uum
977 388 1066 437 usus
1079 362 1307 438 Matrimonii

226 483 293 558 per
310 485 349 533 se
369 460 416 535 sit
432 459 576 546 licitus,
600 474 637 535 et
657 459 777 559 proles
800 459 949 534 educari
966 463 1081 561 possit
1099 466 1118 534 ὲ
1137 460 1307 561 Coniuge

225 580 321 632 sunae
341 561 487 634 mentis.
510 556 943 658 Modd'(intelligendum
954 578 968 654 J
985 559 1080 633 absit
1095 559 1309 661 periculum

226 653 762 748 scandali,telahotti1s;Undd
774 657 869 731 bend
887 656 1028 732 addunt
1043 658 1175 732 Sanch.
1187 685 1211 731 n
1224 685 1257 754 .7
1268 673 1310 732 et

224 754 325 827 Bosa.
350 782 387 829 n.
400 755 482 844 302,
497 753 599 858 quod
612 780 688 829 non
700 754 811 832 liceat
827 759 923 830 coire
937 780 1023 830 cum
1037 780 1147 830 uxore
1162 772 1310 830 amente

224 851 380 940 furiosa,
392 857 462 930 uisi
476 857 554 956 ipsa
564 855 783 954 experientiis
793 868 965 928 noscatur
975 854 1120 929 sterilis.
1134 856 1311 929 Peccaret

227 950 336 1023 etiim
361 954 425 1052 qui
447 960 685 1053 conjungeret
703 951 753 1025 ad
777 978 820 1025 co
850 953 949 1025 uiam
972 953 1156 1053 Coniuges
1178 950 1317 1026 ambos¹
1412 1024 1416 1029 .

227 1067 402 1137 amentes,
416 1055 500 1153 quia
513 1068 606 1126 esset
620 1076 741 1141 causa,
752 1065 793 1125 ut
839 1052 879 1123 tii
897 1067 1062 1125 carerent
1078 1051 1200 1125 debita
1219 1051 1313 1125 edu·

226 1149 389 1241 catione3
407 1149 541 1225 Sauch.
558 1177 597 1223 n.
617 1150 639 1223 5
657 1148 886 1222 competet
901 1153 995 1248 Lop.
1012 1163 1049 1222 et
1062 1149 1166 1226 Bosa.
1182 1165 1219 1223 et
1235 1148 1310 1225 303

227 1271 315 1320 eum
334 1248 472 1322 Bonae.
493 1250 584 1322 Con.
600 1248 726 1347 Laym.
741 1250 782 1321 P.
798 1248 908 1335 Soto,
924 1246 1013 1322 Fitt.
1036 1262 1106 1322 etc.

171 1373 221 1443 949
276 1375 296 1415 ιι
324 1347 405 1419 Etsi
417 1349 467 1431 is.
487 1348 551 1447 qui
565 1345 796 1422 Matrimonio
812 1359 998 1430 contracto
1008 1348 1129 1420 'sciens
1145 1342 1311 1445 prudens

227 1472 246 1508 ιι
277 1443 482 1520 voluntarii
499 1445 676 1544 cognovit
691 1446 1003 1544 consanguineam
1019 1444 1143 1518 uxoris
1162 1446 1203 1517 in
1225 1443 1312 1541 pri·

228 1570 249 1608 ιι
277 1568 360 1628 mo,
377 1542 433 1617 aei
451 1541 613 1616 secundo
628 1541 740 1638 gradu
753 1602 763 1629 ,
776 1568 852 1616 non
871 1544 983 1640 possit
998 1559 1121 1642 petere
1138 1541 1310 1614 debitum

229 1670 249 1705 ιι
277 1640 369 1739 ⁶(ex
388 1667 421 1714 c.
448 1669 459 1715 ι
484 1639 530 1714 de
549 1643 605 1714 Eo
622 1641 687 1741 qui
703 1667 808 1740 cogn.
826 1657 895 1714 etc.
913 1639 1010 1714 Vide
1028 1640 1182 1713 dicenda
1206 1665 1248 1712 ex
1268 1665 1311 1713 u.

111 1761 115 1771 ·
228 1767 247 1802 ιι
284 1739 421 1838 1070)·
439 1753 582 1814 tenetur
599 1753 721 1814 umen
736 1738 902 1814 reddere.
917 1738 1019 1815 Idem
1034 1753 1090 1812 est
1102 1738 1147 1811 de
1163 1762 1217 1822 eo,
1232 1739 1313 1835 qui,

228 1840 253 1905 ιι·
278 1837 392 1910 inscia
417 1855 625 1937 comperte,
651 1838 748 1911 vovit
764 1841 993 1922 castitatem,
1014 1853 1098 1938 post
1120 1836 1313 1909 Matrimo-

229 1963 250 2004 ιι
279 1935 382 2009 ιιὶιιιιι
398 1952 693 2012 consummatum
725 1937 762 2009 Si
777 1950 898 2010 tamen
914 1934 997 2010 anti
1013 1938 1190 2022 vovisset,
1206 1933 1312 2006 vide·

228 2034 248 2098 ιι
279 2049 340 2108 tur
362 2033 514 2134 obligari
534 2034 582 2107 ad
606 2036 813 2133 ingressum
829 2033 1025 2133 Religionis
1043 2034 1173 2107 saltem
1190 2033 1313 2131 primo

230 2152 255 2203 ιι
280 2130 474 2222 bimestri(
497 2134 567 2206 nisi
586 2147 710 2208 tamen
736 2135 1007 2208 Matrimonium
1027 2153 1313 2208 consummave-

204 2264 207 2269 ·
230 2259 252 2298 ιι
283 2232 359 2324 rit)
377 2259 387 2300 ε
407 2227 483 2302 ἰιιιὸ
498 2232 606 2304 ειίὲιιι
655 2247 732 2322 ost,
757 2232 788 2306 si
813 2254 904 2304 uxot
922 2232 1150 2319 consentiat,
1172 2226 1314 2329 dequo

231 2357 250 2393 ι
280 2326 385 2428 plura
401 2327 522 2403 videa
553 2328 604 2401 ud
619 2259 747 2430 Maym.
764 2356 798 2404 c.
821 2355 856 2403 ιι
883 2354 921 2402 n.
947 2356 1004 2403 to.
1308 2363 1311 2369 ¹

284 2456 303 2495 ιι
330 2427 438 2525 Resp.
457 2454 491 2502 ι.
512 2356 656 2527 (ionjux
674 2454 751 2502 uon
773 2439 918 2501 tenetur
935 2425 1087 2500 reddere
1111 2423 1279 2500 debitum
1301 2480 1316 2512 ,

232 2554 254 2599 ιι
282 2526 313 2599 si
339 2523 427 2601 inde
453 2551 560 2626 grave
586 2532 785 2613 damnum,
811 2525 866 2600 vel
899 2526 1105 2625 periculum
1133 2524 1228 2606 sibi,
1254 2521 1314 2595 vel

232 2653 255 2693 ιι
281 2622 378 2725 proli
404 2622 535 2700 merito
556 2625 705 2710 timeat.
728 2628 840 2700 Perea
860 2622 944 2700 dist.
965 2625 1012 2700 50
1035 2650 1122 2698 sess.
1147 2626 1184 2721 4.
1199 2619 1314 2699 Undis

235 2752 257 2791 ιι
285 2748 360 2797 non
378 2737 523 2797 tenetur
540 2721 778 2823 sequentibus
792 2722 948 2797 casibus.
1130 2742 1135 2749 ·

178 2834 229 2916 §5⁰
258 2912 261 2917 q
284 2852 301 2886 ι
337 2849 367 2896 ι.
393 2821 430 2895 Si
448 2819 543 2894 iliud
556 2835 657 2922 petat
668 2823 820 2895 maritus
834 2819 963 2895 morbo
979 2820 1190 2921 contagioso
1203 2816 1320 2893 labo·-¹

235 2948 256 2988 ιι
284 2944 390 3010 rans,
422 2917 520 2992 verb.
544 2946 598 3019 gr.
633 2918 790 3020 gallico,
821 2933 945 3018 peste,
966 2919 1094 3020 lepra,
1119 2921 1225 3013 ·etc.(
1241 2915 1314 2990 uisi

235 3046 254 3081 ι
283 3033 405 3094 tamen
428 3017 507 3091 huc
533 3016 617 3092 anti
645 3018 920 3094 Matrimonium
944 3015 1055 3092 fuerit
1081 3018 1252 3114 cognita,
1280 3026 1320 3089 et

203 3206 207 3211 Π
235 3145 254 3180 ιι
283 3142 360 3188 non
378 3118 424 3190 sit
440 3115 548 3190 nimis
570 3117 685 3216 gravis
703 3126 717 3211 )
736 3117 826 3189 Bon.
845 3141 881 3216 q.
902 3118 977 3216 dp.
1001 3142 1014 3190 ι
1037 3141 1074 3191 ιι.
1093 3117 1129 3190 8.
1146 3117 1255 3191 Perea
1273 3110 1316 3186 d.

237 3242 257 3283 ιι
285 3214 343 3287 50.
360 3213 492 3288 Saucia.
510 3212 535 3288 l.
553 3240 579 3314 9
596 3214 632 3289 d.
654 3217 706 3310 ¹4·
725 3215 849 3315 Luym.
870 3212 898 3287 l.
915 3214 1000 3287 Str.
1023 3238 1064 3287 ιο
1082 3241 1120 3314 p.
1136 3214 1158 3287 3
1175 3240 1208 3287 o.
1226 3238 1264 3284 ι.
1290 3241 1312 3277 ιι

284 3313 407 3404 Qnaer.
422 3338 467 3384 an
483 3313 628 3412 Conjux
641 3327 784 3388 tenetur
795 3308 948 3385 reddere
962 3309 1127 3386 debitum
1141 3310 1244 3385 alteri
1259 3308 1319 3382 ia·

240 3407 385 3483 boranti
397 3410 521 3510 aliquo
534 3410 665 3484 morbo
683 3412 913 3507 contagioso,
937 3425 1024 3508 puta
1045 3411 1166 3509 lepra,
1184 3422 1285 3510 peste
1304 3462 1317 3495 ,

240 3507 402 3607 phthisi,
417 3506 548 3607 murbp
563 3507 716 3608 gallico,
736 3527 773 3583 et
784 3507 895 3602 simili
908 3506 925 3581 i
937 3510 1087 3582 Certum
1102 3523 1158 3582 est
1178 3534 1208 3583 ι.
1223 3507 1319 3580 Con·

241 3603 342 3707 juges
356 3608 471 3681 tenisi
485 3606 533 3681 ad
549 3606 782 3681 reddendum
798 3632 884 3680 oum
899 3605 971 3680 levi
986 3632 1053 3682 suo
1068 3606 1215 3691 damno,
1229 3603 1319 3689 huie

241 3707 338 3779 enim
354 3705 609 3806 praeponderat
626 3705 683 3778 lex
703 3705 848 3807 'ustitiae
863 3762 873 3796 ‚
890 3703 1054 3805 obligans
1073 3704 1221 3821 quidem
1245 3699 1319 3774 sub

240 3805 338 3900 gravi
355 3860 364 3890 ‚
379 3827 465 3877 com
481 3803 636 3879 redditio
650 3732 765 3877 deini
779 3804 893 3903 gravis
907 3806 952 3878 sit
966 3818 1137 3892 matena3
1156 3804 1205 3875 ita
1219 3824 1320 3874 com·

240 3902 402 3976 munitet
416 3903 549 3992 Sanch,
561 3902 586 3976 Ι.
603 3929 628 4003 9
645 3906 690 3979 D.
706 3904 752 3994 24
770 3928 809 3974 n.
829 3928 949 3978 acum
966 3904 1073 3990 Soto,
1092 3898 1223 3974 Natat.
1245 3913 1318 3972 etc.

243 4026 284 4073 ao
300 4000 401 4075 Boas.
419 4000 445 4075 1.
467 4027 487 4073 2
506 4028 538 4076 c.
564 4028 699 4076 anum.
725 3998 792 4073 168
808 4002 846 4074 in
870 4003 943 4075 fine
958 4026 1042 4076 oum
1063 4000 1154 4072 Bon.
1178 3997 1268 4073 aab:
1282 4009 1321 4069 et
1350 4024 1357 4037 ·

241 4096 342 4175 Vatt.
360 4099 470 4177 Unde
489 4098 674 4183 dicanti).
689 4098 804 4177 Tne
825 4124 906 4201 pag.
922 4126 960 4202 q.
978 4101 1027 4197 64
1043 4112 1148 4176 artu
1162 4095 1231 4175 nd.
1247 4098 1335 4190 det·
