2917 4709
298 185 394 279 op.
411 184 454 254 rr.
469 184 557 255 on.
576 187 604 254 1.
616 186 667 256 m
685 152 889 257 sanamus
907 184 1050 254 ornus.
1107 186 1115 196 ·
1157 186 1222 254 ,5.

142 296 437 401 essetdistinctus
458 299 582 386 Ordo,
600 301 765 399 possetE
793 302 939 401 iscupus
954 298 1072 377 valide
1092 297 1223 375 saltim

146 394 317 471 ordinare
333 453 343 486 ,
358 398 445 470 licet
458 424 534 470 non
549 413 640 471 esset
651 328 825 472 Sacerilos
842 426 948 485 ;nam
967 399 1224 523 respondetur,

148 493 250 592 quod
264 495 334 571 hoc
349 495 578 577 ordinatione
591 496 714 569 divina
731 500 949 598 requiratur,
965 500 1060 572 sicut
1076 499 1227 596 requiri·
1325 554 1330 559 .

145 605 225 706 tur,
242 611 284 668 ut
301 596 348 669 sit
363 595 564 695 baptizatus
587 594 750 695 quivult
772 599 1010 685 confirmari,
1038 613 1100 671 aut
1121 596 1225 668 ordi·
1295 626 1298 635 ·

146 715 243 765 nari.
951 716 956 729 ·

199 819 219 856 u
244 790 350 887 Resp.
381 812 416 861 2.
443 792 592 867 Materia
617 807 752 865 remota
778 791 963 887 Ordinum
992 790 1284 897 est.aliquod739

145 917 168 959 a
195 889 480 965 instrumentum
504 889 679 964 traditum
698 889 911 964 ordinandis
931 892 970 963 in
994 892 1140 988 siguum
1160 917 1227 989 po·

147 1015 169 1055 a
199 988 335 1062 testatis
358 987 556 1083 spiritualis
574 1017 584 1082 ,
597 988 762 1087 proxima
785 1003 840 1062 est
862 988 1027 1087 ejusdem
1056 990 1225 1079 traditio,

147 1113 169 1155 u
200 1102 237 1160 et
259 1087 448 1186 acceptio,
476 1094 582 1189 cujus
608 1101 823 1163 contactum
853 1088 1071 1188 physicum,
1089 1103 1126 1160 et
1156 1091 1228 1159 im·

143 1209 167 1250 a
198 1184 422 1274 mediatum,
442 1191 507 1262 etsi
527 1212 603 1261 non
616 1211 693 1259 esse
710 1185 939 1259 essentialem
960 1185 1075 1284 aliqui
1093 1187 1229 1283 proba-

147 1310 169 1352 »
198 1283 1118 1384 biliterdoceantcumSa,Henr.Reg.Laym.Dian
1145 1285 1231 1377 tud

147 1412 166 1447 s
199 1383 244 1456 de
262 1383 422 1459 Sacram.
441 1411 481 1457 n.
505 1387 569 1459 185
586 1397 623 1457 et
643 1383 747 1471 aliis,
767 1410 858 1482 quos
873 1387 983 1458 citat:
1002 1384 1230 1457 contrarium

147 1509 169 1548 u
199 1496 320 1556 tamen
343 1484 572 1557 communius
593 1496 664 1567 est,
683 1509 725 1554 ac
753 1484 890 1566 tutius,
911 1496 952 1554 nt
971 1481 1082 1554 altera
1101 1479 1231 1555 saltem

147 1608 169 1649 s>
196 1606 310 1655 manu
325 1596 512 1679 tangatnr;
526 1580 602 1654 imo
619 1605 661 1653 ex
676 1594 861 1680 praecepto
882 1580 928 1651 ad
945 1579 1162 1682 scrupulum
1176 1581 1232 1653 ri·

147 1706 167 1746 a
199 1679 376 1770 tandum,
396 1695 551 1780 utraque
577 1698 687 1752 manu
705 1704 714 1764 ;
734 1695 771 1751 et
812 1676 936 1750 uidem
956 1681 1103 1766 omnia3
1123 1704 1154 1745 v.
1176 1705 1230 1773 gr.

149 1805 170 1846 u
200 1777 293 1850 calix
309 1803 396 1850 cum
420 1793 574 1877 patena,
595 1778 676 1851 haec
694 1705 940 1863 combustis,
965 1793 1004 1848 ut
1026 1776 1131 1848 ducet
1147 1775 1232 1850 Fili.

149 1904 172 1944 s
199 1874 313 1973 idque
336 1874 447 1950 simiil
473 1904 556 1951 cum
584 1875 789 1975 prolatione
804 1872 1005 1947 verborum
1024 1873 1201 1973 Episcopi
1221 1898 1231 1964 ;

150 2004 169 2039 a
198 1999 231 2046 v.
252 1976 378 2088 Lapm.
394 1975 420 2048 l.
441 1977 463 2050 5
485 1988 533 2048 tu.
551 2000 576 2074 9
593 2001 626 2047 c.
647 1973 683 2047 5.
701 1973 836 2046 Bunac.
857 1973 893 2046 d.
911 1977 934 2047 8
953 2000 988 2071 p.
1014 1998 1026 2046 r
1051 1986 1178 2071 punct.
1190 1970 1233 2047 ’3.

150 2101 171 2142 a>
199 2070 248 2147 V.
264 2073 374 2146 Dran.
393 2101 430 2171 p.
455 2079 478 2149 8
499 2091 549 2148 to.
571 2100 582 2145 1
606 2075 646 2146 R.
663 2076 760 2165 doct
777 2074 837 2165 42.

198 2169 396 2245 Dubitatur
419 2172 479 2245 bic
502 2201 533 2257 ι,
551 2173 607 2244 Au
628 2173 800 2253 materia,
818 2184 855 2243 et
872 2169 987 2241 forma
1004 2168 1292 2246 Sacrameutiti⁰

151 2267 301 2342 Ordinis
318 2270 493 2344 luerintl
516 2270 662 2347 Christo
684 2266 844 2343 Domino
864 2268 903 2338 in
921 2268 1042 2367 specie
1064 2265 1235 2340 determi-

150 2380 247 2441 natae
262 2367 276 2441 ?
291 2368 386 2442 Vide
407 2367 502 2443 dicta
519 2370 565 2443 de
578 2370 736 2443 Sacram.
755 2369 793 2440 in
812 2393 893 2464 geu.
914 2392 948 2437 n.
976 2391 1035 2451 ir,
1054 2365 1116 2438 ubi
1138 2365 1235 2437 dixi-

150 2491 256 2552 mus,
276 2467 504 2567 probabilius
520 2464 618 2554 esse,
638 2491 764 2540 omnes
789 2465 957 2538 materias
978 2466 1236 2537 Sacramentu-

154 2591 260 2650 rum‚
275 2565 395 2663 qubad
410 2567 648 2639 substantiam
661 2567 769 2637 etiam
782 2563 916 2636 formas
931 2562 1041 2635 fuisse
1055 2566 1072 2632 a
1085 2562 1233 2637 Christo

154 2663 194 2732 in
218 2664 338 2761 specie
363 2664 643 2753 determinatas,
664 2689 750 2736 cum
768 2662 928 2747 Juenin,
946 2662 1129 2734 Petrocor.
1159 2662 1237 2732 lla-

155 2756 258 2844 bert.
279 2761 465 2846 concina,
484 2760 639 2835 blerbes.
657 2762 805 2834 Contio.
822 2760 982 2856 Toum.¹
1002 2775 1037 2830 et
1055 2759 1133 2832 aliis
1153 2758 1237 2857 plu·

155 2856 261 2933 ribus
278 2885 320 2932 ex
338 2862 384 2934 D.
402 2858 557 2934 Thoana.
1065 2884 1068 2889 ·

201 2956 401 3031 Dubitatur
428 2983 462 3031 2.
495 2966 556 3031 An
582 2956 701 3029 valide
729 2956 961 3029 ordinaretur
986 2956 1139 3028 Latinus
1165 2981 1230 3054 per
1246 2956 1293 3024 741

152 3058 344 3130 materiam
364 3056 499 3130 Graccis
518 3057 757 3155 assignatam,
781 3052 915 3149 nempd
937 3082 1000 3150 per
1021 3054 1138 3126 solam
1156 3079 1237 3126 ma-

153 3150 271 3230 nun‘m
291 3156 589 3256 impositionem,
611 3152 680 3227 etd
699 3151 903 3226 converso?
924 3153 1116 3225 Affirmant
1134 3153 1237 3227 Suar.

153 3254 272 3354 Vasq.
288 3252 369 3328 Dic.
388 3252 523 3329 Escob.
545 3254 645 3355 apud
664 3252 773 3327 Croix
795 3251 862 3324 t.6
887 3278 921 3348 p.
944 3277 954 3324 ι
979 3278 1015 3322 u.
1038 3254 1092 3325 16.
1112 3276 1142 3323 r.
1164 3253 1237 3326 lus.

155 3354 264 3450 quia,
284 3378 370 3425 cum
394 3353 562 3428 Ecclesia
582 3354 628 3425 sit
656 3378 752 3439 una,
777 3349 972 3422 uniformia
999 3375 1148 3449 quoque
1169 3349 1239 3422 de·

153 3448 244 3523 bent
261 3475 338 3522 esse
352 3450 593 3527 Sacramenta.
609 3450 726 3548 Negat
740 3447 827 3523 verb
846 3449 925 3544 ipse
943 3448 1050 3521 Croix
1071 3474 1157 3520 cum
1174 3452 1240 3521 Ar·

153 3548 253 3647 riuga
269 3606 277 3629 ,
300 3563 336 3620 ct
349 3546 427 3618 aliis
443 3605 453 3637 ,
472 3553 537 3648 qni
554 3576 596 3624 ex
611 3546 916 3623 determinatione
934 3546 1110 3619 Ecclesiae
1126 3562 1241 3620 mate·

154 3648 209 3721 ria
238 3644 376 3718 Graeeis
402 3647 576 3745 assignata
600 3674 676 3721 nou
707 3645 818 3720 habet
843 3647 918 3717 rim
941 3644 1168 3742 significandi
1201 3644 1242 3734 id

156 3743 257 3845 quod
274 3742 453 3838 siguificat
469 3747 616 3819 materia
636 3747 815 3845 assignata
834 3746 982 3817 Latinis.
1002 3743 1168 3839 Utraque
1186 3757 1242 3817 est

156 3841 384 3942 probabilis,
407 3842 473 3916 sed
492 3845 607 3942 prima
628 3858 681 3941 est
704 3842 933 3945 probabilior
956 3849 1054 3939 juxta
1077 3856 1242 3917 nostram

157 3946 373 4016 senteutiam
391 3940 541 4037 allatam
557 3943 642 4035 eod.
657 3970 696 4015 n.
725 3970 767 4019 12
782 3942 826 4017 de
843 3944 1002 4017 Sacram.
1021 3940 1059 4010 in
1078 3965 1211 4038 genere
1228 3996 1240 4029 ‚

156 4037 222 4115 ubi
253 4038 437 4137 diumns,
469 4040 587 4118 solam
617 4068 800 4121 mannum
827 4039 1125 4141 impositionem,
1158 4061 1242 4141 quar
