2917 4709
240 292 321 385 cap.
332 294 374 360 11.
385 292 472 361 nu.
492 293 534 362 ιι.
547 292 596 362 ne
608 294 814 362 ussermann
829 282 1003 363 amadan
1014 312 1060 360 se.
1084 292 1087 301 ⁴
1125 276 1197 359 sot-

119 406 188 496 (ut
215 403 303 480 dicit
334 404 492 500 Sanclr.)
517 429 563 478 ne
598 406 758 505 privetur
788 408 867 503 jure
897 428 965 477 sno
999 396 1192 477 reddendi.
1322 400 1326 409 ’

120 503 193 576 Alii
207 516 332 578 ‘tamen
355 512 418 595 (ut
436 505 528 577 Bon.
554 530 591 602 q.
614 508 636 596 4
661 530 696 602 ρ.
717 505 741 577 3
763 531 802 579 n.
833 528 886 577 ro.
907 516 993 576 cu'm
1013 500 1192 596 Armilla)

122 601 263 691 dicunt,
280 627 354 675 non
369 601 497 686 tendri,
515 602 586 674 nisi
601 594 695 674 adiit
711 608 803 698 justa
820 626 927 676 cauea
943 624 986 675 ex
1002 615 1105 700 parte
1124 624 1200 700 per

121 698 242 773 teritis.
262 701 342 800 Ego
363 702 447 775 dico
474 698 623 772 οιιιιιίιιὸ
649 697 948 799 distinguendum
973 727 982 767 ε
1007 713 1110 770 actus
1135 710 1192 770 est

121 795 272 871 illicitus
293 813 457 899 exparte
480 821 645 900 persunae
671 801 851 897 petentis,
876 813 963 897 puta
984 797 1013 869 si
1032 809 1133 897 petat
1144 791 1192 868 ob

122 893 349 986 voluptatem
367 952 375 982 ,
396 896 451 970 vel
472 897 588 970 alium
608 897 720 968 finem
734 894 859 970 leviter
877 895 1037 981 malum,
1058 893 1116 967 rel
1134 892 1196 967 die

125 1017 201 1163 guo
220 992 298 1066 rult
316 993 582 1068 Eucharistiam
612 998 802 1093 accipere,
822 1008 911 1067 tunc
936 1006 1080 1066 tenetur
1107 990 1198 1065 red-

27 1100 30 1105 ’
152 1112 237 1181 ere3
255 1091 363 1191 quia,
386 1118 471 1166 cum
491 1108 594 1167 actus
611 1092 658 1164 sit
674 1118 741 1191 per
768 1116 806 1165 se
832 1091 1030 1176 honestus,
1053 1103 1199 1163 leuetur

125 1213 169 1261 ex
185 1191 323 1288 justitia
340 1187 388 1262 ad
405 1189 636 1267 reddendum
648 1242 657 1274 ,
671 1191 811 1263 etiamsi
825 1192 970 1286 exigens
983 1203 1110 1290 peccet
1124 1211 1201 1287 gra«
1315 1216 1326 1259 s

127 1288 219 1360 riter
234 1287 274 1359 in
293 1288 473 1391 petendo,
494 1304 535 1362 ut
554 1287 710 1361 diximus
729 1313 766 1361 n.
785 1290 871 1387 944.
890 1286 988 1362 nab.
1013 1313 1043 1361 ι.
1063 1286 1100 1360 Si
1116 1284 1200 1358 rerd

128 1399 230 1456 actus
248 1402 303 1458 est
325 1388 512 1460 venialiter
530 1386 682 1489 illicitus
701 1399 862 1487 exparte
880 1386 995 1483 ipsius
1017 1400 1119 1459 actus
1134 1408 1201 1458 seu

129 1480 296 1580 copulae,
325 1498 364 1557 ut
390 1486 420 1557 si
439 1499 584 1586 petatur
601 1485 673 1559 situ
701 1482 927 1572 innaturali,
953 1482 1010 1558 rel
1037 1496 1202 1582 tempore
1339 1538 1346 1553 .

120 1581 333 1673 menstrui,
358 1596 421 1655 aut
448 1583 656 1682 puerperii,
683 1596 775 1656 tunc
801 1577 1082 1682 quandd'adest
1105 1585 1202 1680 lustr

129 1703 263 1769 causa,
281 1695 403 1780 potest
425 1682 576 1780 quidem
601 1679 780 1771 reddere,
804 1705 888 1753 cum
910 1677 1084 1778 quelibet
1107 1687 1203 1777 justa

130 1802 239 1853 causa
256 1794 404 1852 excuset
421 1783 440 1850 i
463 1780 606 1853 veniali.
626 1779 728 1854 Justa
747 1791 868 1853 autem
883 1800 989 1853 causa
1007 1777 1096 1863 erit,
1113 1802 1147 1850 r.
1192 1810 1202 1850 a

130 1899 178 1946 ne
199 1876 363 1949 incurrat
382 1876 672 1974 indignationem
692 1876 842 1949 alterius
860 1875 934 1950 sivi
949 1898 1140 1949 rancorem
1158 1800 1207 1946 ii·

131 1970 204 2045 lius
224 1973 498 2074 quodammodd
514 1974 734 2064 notabilem,
749 1989 869 2049 utnon
911 1977 1090 2049 ossiteurn
1103 1997 1205 2046 com·

134 2069 244 2145 modi
262 2089 432 2145 evertere.
460 2076 577 2148 Causa
601 2071 687 2145 verd
713 2098 868 2172 quarna
898 2073 1001 2145 ducit
1024 2070 1207 2160 Saucheu,

131 2168 267 2266 nempi
287 2197 334 2242 ne
356 2173 501 2271 Coniux
523 2173 685 2272 privetur
707 2197 775 2244 suo
798 2175 879 2269 jure
904 2169 1109 2259 reddendi,
1130 2192 1230 2241 nou.

131 2266 280 2343 ridetur
302 2256 485 2343 sufficiens
500 2325 509 2357 ,
527 2296 615 2344 nam
634 2266 731 2345 siclrt
746 2283 870 2370 petens
888 2280 978 2343 tuuc
1000 2293 1076 2342 non
1096 2264 1209 2341 habet

134 2368 193 2466 jus
219 2366 267 2440 ad
291 2368 344 2442 sic
366 2367 590 2468 petendum,
610 2369 658 2441 ita
676 2393 746 2443 nec
771 2367 864 2442 alter
882 2371 949 2466 jus.
962 2364 1074 2441 habet
1090 2365 1136 2438 ad
1154 2365 1208 2440 aiu

133 2462 377 2539 reddendum.
405 2466 487 2542 Dixi
506 2522 516 2553 ,
536 2479 657 2562 potest
680 2467 842 2557 reddere,
861 2463 926 2539 sed
944 2491 1020 2540 non
1038 2478 1209 2551 tenetur,

136 2562 223 2659 quia
240 2563 328 2637 licet
345 2563 534 2638 vinculum
550 2564 700 2664 justitias
719 2563 848 2638 fortius
865 2565 913 2637 ait
930 2561 1076 2638 nucula
1091 2563 1210 2636 chari·

14 2678 22 2693 ·
135 2660 242 2747 tatis,
261 2675 420 2733 attamen
441 2686 528 2735 cum
553 2676 655 2734 actus
676 2662 724 2735 sit
750 2662 815 2735 tali
830 2661 942 2736 modo
960 2686 1026 2762 per
1043 2685 1083 2734 se
1100 2658 1211 2734 illici·

136 2768 216 2842 tus,
231 2756 323 2831 alter
341 2784 417 2832 non
442 2759 553 2832 habet
570 2762 629 2859 jus
646 2758 694 2832 ad
709 2756 831 2844 illum,
846 2773 882 2833 et
899 2760 951 2833 sic
968 2756 1211 2858 rtspondere-

137 2866 199 2929 tur
225 2854 274 2929 ad
296 2859 476 2933 rationem
503 2857 629 2954 primae
656 2859 876 2949 sententim
901 2858 950 2931 ita
975 2855 1149 2932 Busemb.
1170 2869 1213 2930 ut

323 2958 414 3125 334.
433 2980 475 3028 ac
492 2957 592 3031 Lesa.
614 2955 640 3027 l.
662 2956 685 3032 3
706 2979 740 3027 c.
764 2955 787 3032 3
810 2984 849 3031 u.
863 2960 922 3055 89.
937 2955 1025 3029 item
1038 2955 1158 3028 Palac.
1175 2969 1214 3027 et

360 3053 492 3128 Sanclsl
506 3053 543 3128 d.
558 3057 605 3130 D.
629 3052 673 3129 ι6
687 3080 724 3127 ιι.
740 3058 773 3131 8.
787 3068 824 3128 et
841 3051 1068 3154 probabilem
1083 3065 1214 3151 putant

137 2956 321 3152 ttt‘ltr

140 3150 251 3223 Croix
263 3178 300 3224 ιι.
317 3152 401 3227 356.
424 3178 510 3226 cum
526 3153 562 3251 8.
578 3150 793 3227 Antonini
837 3154 916 3228 ‚tit
941 3179 955 3226 r
978 3177 1011 3226 c.
1031 3177 1052 3226 2
1066 3152 1133 3251 57,
1147 3150 1214 3226 ubi

141 3248 203 3338 ait,
218 3261 306 3324 tunc
322 3250 437 3324 ranan
454 3253 660 3355 conjugem
671 3246 717 3323 ad
731 3178 975 3336 reddendum,
997 3248 1147 3347 quaudo
1162 3248 1215 3323 al·

139 3358 196 3419 ter
212 3350 303 3446 petit
320 3349 431 3422 modo
445 3346 601 3423 naturali
616 3374 627 3436 ς
645 3346 753 3447 ergd,
776 3349 806 3422 si
821 3348 1042 3436 innaturali,
1060 3374 1136 3421 non
1153 3363 1215 3422 te·

140 3456 260 3518 netur.
277 3445 465 3522 Sanirerd
482 3461 667 3522 teneretur
685 3445 858 3534 reddere,
874 3449 904 3521 si
917 3462 1044 3548 petens
1063 3446 1215 3520 haberet

143 3546 278 3643 justam
301 3568 447 3617 canaam
471 3547 580 3619 etiam
604 3571 648 3620 ex
668 3572 734 3620 sua
749 3561 850 3643 parte
864 3547 916 3619 sic
933 3545 1106 3647 petendi,
1126 3560 1216 3643 puta

141 3640 173 3715 si
187 3650 332 3741 'peteret
353 3640 522 3740 copulam
544 3644 616 3716 situ
639 3644 860 3734 innaturali,
882 3644 927 3717 ed
942 3643 1043 3737 quud
1062 3669 1153 3717 uxor
1168 3644 1216 3719 sit

141 3764 359 3842 praegnans,
376 3755 440 3814 aut
458 3742 535 3842 ipse
554 3745 599 3815 sit
616 3742 679 3843 pin
706 3744 761 3817 uis
777 3799 786 3829 ,
800 3742 859 3818 vel
870 3740 1034 3842 alioquin
1047 3742 1217 3823 immine·

142 3856 200 3914 ret
213 3836 419 3940 periculum
435 3840 620 3919 scandali:
640 3769 721 3915 viia
735 3841 833 3918 «licta
855 3864 997 3957 ¹1;‚9¹7·
1013 3838 1085 3915 Vel
1106 3841 1135 3913 si
1155 3866 1217 3941 pe·

143 3950 198 4014 tat
215 3955 379 4037 tempore
402 3942 611 4028 menstrui,
637 3955 700 4012 aut
725 3963 908 4042 puerpern
937 3964 1023 4012 cum
1052 3937 1216 4040 periculo
1237 3996 1246 4039 .·
1349 4028 1353 4033 .

144 4033 550 4137 iucoutineutiae31uxta
565 4035 662 4110 dicta
680 4063 717 4111 n.
732 4038 816 4136 925.
836 4038 931 4112 circi
945 4039 1008 4111 lin.

192 4137 251 4211 Au
268 4152 390 4231 autem
413 4136 558 4238 conjux
572 4150 748 4226 teneatur-
758 4136 912 4227 reddere
939 4134 1217 4238 personantias
