2917 4709
340 288 465 387 opt.
481 289 569 362 nas.
584 287 918 383 insessum.
1107 287 1178 374 ssa

82 401 418 508 tottpromtuana
472 405 616 480 ecclrit‘
633 420 761 478 contra
793 404 992 505 justitiam,
1014 402 1176 482 alteram
1228 443 1232 458 ·

89 520 235 606 partem
258 433 498 606 decipiendi,
516 530 592 577 non
614 502 809 578 tenebatur
834 521 955 578 tamen
976 506 1177 600 exjustitia

90 629 232 705 ponere
252 629 379 678 verum
397 627 638 687 consensum,
657 627 743 676 cum
760 602 864 676 nulla
884 607 915 674 ei
935 601 1059 674 aderat
1076 599 1177 674 obli·
1225 607 1231 621 '

86 705 188 799 gotio
208 719 440 780 conuectum
454 701 631 789 ineundi,
647 715 686 773 et
701 707 826 774 eontra
845 701 936 772 alter
955 699 1103 772 nullum
1121 727 1177 774 ac·

87 800 275 906 msiaidrit
289 807 345 898 jus
365 807 405 873 in
434 825 517 884 eum
544 824 589 872 ex
611 825 678 872 suo
703 824 912 887 emisensu3
933 799 1015 872 ideb
1033 813 1178 873 tenetur

88 899 249 1000 quidem
270 903 393 999 postet
413 899 552 972 ratione
572 898 800 996 deceptionis
824 897 958 970 damna
984 901 1178 984 resarcire,

88 997 156 1072 sed
174 1021 256 1071 non
272 1013 418 1072 tenetur
434 1000 574 1074 ratione
600 996 851 1096 promissionis
870 1021 997 1069 verum
1019 1019 1180 1090 consen-

86 1121 176 1170 anm
191 1122 330 1196 ponere
346 1154 354 1182 ,
373 1111 406 1169 et
424 1096 697 1168 Matrimonium
719 1095 945 1168 contrahere.
962 1095 1073 1167 Seclrs
1097 1090 1180 1166 verb

90 1195 299 1268 dicendum
312 1252 321 1284 ‚
336 1200 364 1268 si
381 1197 616 1268 intervenerit
625 1190 839 1278 defloratio,
855 1194 940 1292 quia
954 1209 1045 1265 tunc
1062 1192 1181 1267 deflo-

88 1318 179 1370 rans
193 1293 352 1367 omninb
370 1309 516 1366 tenetur
532 1290 579 1363 ad
594 1292 887 1375 Matrimonimn‚
906 1319 991 1364 com
1010 1319 1082 1364 non
1103 1318 1184 1389 pos⁴

89 1394 140 1464 sit
162 1407 256 1465 tunc
272 1392 341 1463 attt
359 1393 411 1464 vit
429 1406 485 1466 sat
503 1417 532 1464 oe
561 1390 762 1465 uiralearter
781 1390 960 1465 damnum
983 1394 1180 1479 resarcire,

88 1505 134 1564 ut
153 1489 319 1563 diximus
335 1490 360 1561 l.
378 1489 461 1563 dex'
477 1516 514 1562 ιι.
529 1418 616 1583 dria.

141 1586 289 1661 Sufficit
316 1603 437 1660 autem
464 1588 511 1660 ad
539 1586 760 1661 validitatem
787 1587 1057 1686 sponsaliorum
1088 1590 1183 1661 inter

92 1713 265 1786 puer-oe,
292 1700 333 1760 ut
354 1688 391 1758 in
415 1686 503 1785 ipris
527 1684 769 1782 probabiliter
792 1701 1007 1782 agnoscatur
1036 1688 1184 1758 rationis

91 1811 196 1861 usus.
210 1784 295 1858 Hoc
306 1800 437 1886 putant
448 1781 678 1883 probabilibs
694 1811 781 1858 cnm
795 1786 994 1857 communi.
1013 1785 1124 1857 Salm.
1139 1785 1185 1856 de

93 1879 203 1958 Matr.
227 1909 260 1955 c.
288 1911 299 1955 ι
325 1909 362 1957 n.
388 1909 428 1981 7¹
453 1909 537 1956 cum
553 1881 802 1958 Sanch.Con.
821 1883 900 1955 Dic.
917 1885 1064 1955 sonat
1080 1883 1185 1970 aliis,
1280 1882 1295 1908 ”
1330 1879 1338 1895 ’

91 1994 228 2059 contra
241 1980 319 2054 Pal.
338 1982 462 2055 Areas.
479 1985 549 2054 otc.
563 1982 628 2080 qui
639 1981 785 2060 dicunt·
795 2007 929 2078 pueros
947 1982 1030 2053 anti
1043 1997 1187 2080 septen-

94 2081 204 2153 nium
222 2105 297 2152 non
310 2077 479 2178 obligari.
493 2079 577 2153 Non
594 2095 881 2178 permutantem
898 2082 1052 2178 graviter
1069 2083 1187 2176 pueri,

91 2179 158 2252 rel
176 2195 344 2276 parentes
359 2203 426 2279 pro
443 2182 493 2251 eis
510 2177 690 2275 sponsalia
710 2180 984 2276 promittentes.
1001 2195 1040 2250 ut
1058 2179 1188 2251 dicunt

92 2275 212 2352 Salus.
233 2302 267 2351 e.
292 2305 303 2350 ι
323 2303 362 2352 ιι.
379 2301 425 2377 77
441 2302 529 2351 cum
541 2277 652 2351 Couc.
667 2277 801 2351 Sancb.
816 2292 887 2351 etc.
906 2293 1032 2351 contra
1050 2278 1187 2351 Bonae.

95 2391 134 2453 et
151 2376 269 2449 Henr.

149 2476 211 2547 Αιι
237 2472 323 2547 verb
347 2475 421 2554 sint
443 2474 543 2548 irrita
566 2473 751 2572 sponsalia
771 2489 956 2550 contracta
976 2500 1042 2573 per
1059 2475 1245 2548 dotamus

98 2570 256 2645 dantem
283 2599 429 2646 causam
460 2574 690 2656 contractui,
725 2577 791 2646 etsi
819 2588 1022 2647 versantem
1044 2575 1190 2648 tantiam

100 2671 199 2743 circi
224 2668 464 2768 qualitatem?
479 2670 789 2744 AffirmatSaneb.
807 2671 853 2744 de
871 2676 975 2745 Matr.
992 2674 1015 2743 l.
1039 2700 1065 2745 r.
1082 2676 1125 2744 D.
1141 2677 1190 2766 64
1225 2679 1227 2684 ’

102 2793 145 2842 ιι.
167 2767 190 2840 3
209 2790 296 2838 cum
310 2767 399 2840 Mol.
417 2769 563 2842 Covarr.
583 2784 654 2842 etc.
668 2785 705 2843 et
718 2770 816 2844 idern
835 2779 997 2843 sentiunt
1014 2772 1053 2842 P.
1073 2775 1190 2844 Cone.

102 2881 140 2940 et
155 2863 230 2955 alii,
244 2891 334 2968 quoa
353 2866 543 2939 citavimus
560 2867 584 2937 l.
606 2866 626 2940 3
643 2894 680 2939 ιι.
698 2871 769 2965 715
785 2868 831 2954 de
847 2871 1032 2941 Contract.
1055 2870 1127 2941 Sed
1140 2870 1192 2941 ibi

105 2963 282 3044 diximus.
294 2962 522 3062 probabilius
542 2990 584 3036 eo
604 2991 693 3037 casu
711 2982 940 3041 contractum
956 2993 1030 3039 non
1044 2969 1194 3054 irritari,

104 3088 152 3137 ne
186 3090 230 3135 ue
253 3059 302 3136 de
328 3063 624 3163 immaturati,
656 3087 740 3137 cum
768 3067 841 3162 iam
871 3066 966 3138 adsit
992 3092 1192 3140 consensus

105 3087 231 3259 quded
245 3161 487 3236 substantiam
503 3220 510 3238 .
528 3188 650 3261 neque
669 3162 715 3238 de
736 3162 949 3261 insectatu,
973 3177 1012 3236 ut
1034 3180 1132 3262 patet
1149 3192 1193 3239 ex

9 3351 14 3358 ἱ
104 3255 223 3332 Instit.
239 3257 264 3330 l.
280 3263 301 3350 4
315 3276 369 3336 ut.
386 3261 426 3335 13
442 3259 487 3332 de
500 3260 651 3361 Except.
665 3263 890 3360 cujusverba
901 3261 1091 3335 attulimus
1103 3264 1192 3339 dict.

107 3381 145 3430 n.
173 3355 256 3452 715.
278 3345 400 3431 Habet
419 3357 504 3432 verb
525 3372 615 3432 tunc
634 3358 809 3459 deceptus
825 3363 1005 3435 actionem
1026 3362 1194 3436 irritandi

106 3469 341 3528 contractum
361 3471 510 3574 propter
527 3459 700 3532 in’uriam
717 3475 755 3533 et
772 3458 953 3533 desectum
969 3462 1193 3547 consensis,

105 3550 224 3653 idque
240 3555 376 3636 currit,
394 3558 532 3629 etttmai
552 3485 721 3655 deceptio
739 3561 946 3655 provenerit
963 3558 1010 3631 ab
1028 3559 1100 3633 alio
1117 3577 1195 3633 ter-

107 3652 179 3732 tio.
202 3665 303 3751 parte
318 3653 506 3750 ignorante
517 3711 525 3736 ,
542 3673 584 3727 ut
601 3656 710 3729 docet
725 3656 858 3731 Sanch.
884 3684 969 3730 cum
988 3658 1133 3732 Covarr.
1157 3669 1195 3730 et

110 3748 194 3824 aliis
212 3752 275 3823 cit.
297 3748 339 3823 D.
357 3753 405 3844 64
422 3777 462 3824 ιι.
481 3756 554 3846 atet
569 3754 603 3828 5.
624 3754 803 3828 Coeterirm
826 3762 911 3829 satis
928 3756 1120 3856 probabile
1139 3770 1196 3828 est

111 3873 199 3922 cum
207 3850 352 3932 hosio,
365 3851 488 3950 Layan.
503 3865 538 3922 et
550 3850 685 3951 Sporer
694 3855 815 3929 relatis
826 3855 906 3928 eod¹
922 3882 959 3925 ιι.
976 3854 1046 3950 7¹5
1059 3870 1195 3928 etcum

112 3941 206 4019 Viva
222 3945 268 4021 de
289 3950 396 4022 ttae.
415 3973 480 4049 qu.
502 3963 603 4026 sart.
632 3973 644 4023 t
674 3978 711 4025 ιι.
736 3979 778 4043 a,
801 3953 903 4053 quod
921 3952 1096 4051 deceptus
1117 3979 1194 4034 non

1191 1572 1241 1639 ssa

115 4054 284 4118 mutatur
296 4044 335 4119 in
355 4047 577 4122 conscientia
591 4061 687 4126 stare
699 4053 931 4141 connectat,
947 4056 1195 4128 deusserint·

7 4171 8 4174 ι
112 4140 198 4218 reri
208 4142 568 4226 tmrttinv'tncibilita
937 4183 941 4191 ·
1013 4181 1017 4192 .
1047 4195 1051 4204 -

257 4238 367 4317 tam.
385 4229 451 4324 Vl.
998 4248 1052 4334 ,ᾖ
