2917 4709
5 242 7 363 4
230 215 312 308 Cap.
328 219 623 310 111.Λρροοᾶίι(1ο
639 219 846 319 confessariis
860 220 1125 290 sollicitantibus·
1161 217 1235 287 205·

195 327 336 425 Negant
346 334 486 429 Faguu.
500 348 534 403 et
544 331 929 432 Fragosa‘apudSalm.
945 360 976 405 c.
991 335 1014 425 4
1027 358 1063 404 n.
1076 328 1123 406 85
1139 330 1225 427 quia

149 423 276 498 fortior
287 444 341 499 est
350 428 407 501 lex
417 428 608 518 naturalis,
622 435 731 529 quim
744 432 905 531 positivo.
917 430 989 505 Sed
1001 434 1225 502 contrarium
1321 488 1324 501 .

105 519 113 533 '
146 523 382 599 rectetenent
395 526 468 601 Pal.
486 555 520 627 p.
542 555 583 599 ιο
600 555 633 601 n.
649 530 683 601 5.
699 530 813 603 Diona
829 531 868 601 R.
885 530 941 601 32.
955 525 1089 601 Escob.
1108 553 1143 597 n.
1155 526 1225 623 704

143 645 235 697 cum
262 626 418 709 Soneio,
446 641 483 699 et
507 628 618 725 Gosp.
648 627 756 699 Hurt.
785 652 826 701 ac
851 627 960 700 Salen.
989 652 1073 698 com
1102 622 1225 699 Trull.

144 716 283 793 Leand.
307 737 376 796 etc.
401 726 487 825 quia
510 748 618 797 nemo
640 739 786 798 tenetur
812 725 859 798 ud
884 739 1089 806 secretum,
1116 726 1226 794 etiam

147 820 354 912 juramento
389 825 632 919 promissum,
660 824 810 923 quando
840 839 1021 896 secretum
1047 822 1159 917 vergit
1187 820 1225 890 in

144 912 326 990 damnum
343 946 551 994 commune.
571 921 680 995 Socim
701 921 807 1006 vero,
827 927 949 1035 ajunt,
973 924 1002 994 si
1019 916 1225 993 sollicitatio

144 1013 193 1085 ait
209 1016 435 1090 manifestata
451 1020 710 1117 adpetendum
724 1020 917 1095 consilium
931 1044 940 1105 ;
959 1044 1045 1091 nam
1061 1015 1229 1115 propala·

146 1113 197 1184 tio
217 1116 344 1187 secreti
361 1132 454 1189 esset
472 1133 561 1190 tunc
576 1130 703 1190 contra
719 1118 927 1191 humanum
941 1119 1226 1198 commercium,

144 1226 183 1283 et
198 1215 308 1284 etism
324 1233 450 1287 contra
471 1216 662 1313 publicum
674 1216 836 1304 bonum,
856 1216 957 1317 quod
970 1216 1067 1289 certe
1083 1217 1122 1285 in
1138 1226 1228 1285 eort-

146 1307 235 1381 siliis
254 1316 465 1411 expetendis
482 1316 687 1386 intervenit.
1124 1368 1128 1377 -

195 1408 345 1500 Quaerit.
359 1413 406 1498 Y.
418 1412 476 1485 An
489 1412 620 1485 mulier
629 1413 819 1487 sollicitata
829 1410 1228 1487 teneaturdenunoiare
1237 1427 1288 1492 699

144 1527 212 1605 per
231 1507 442 1605 epistolam,
459 1510 515 1583 rel
532 1510 691 1584 mediam
707 1537 925 1611 personam,
943 1510 971 1582 si
988 1523 1146 1608 nequeat
1163 1534 1229 1607 per

142 1628 182 1676 se
200 1607 348 1703 ipsam?
364 1610 400 1679 Si
418 1635 492 1681 non
507 1611 619 1708 possit
638 1609 876 1709 personaliter
890 1607 1033 1680 adireE
1065 1611 1230 1706 iscopum

142 1699 192 1773 ob
219 1705 497 1803 egritudinem,
517 1706 748 1793 clausuram,
765 1706 909 1779 aliudve
921 1709 1020 1804 impe
1051 1710 1230 1778 imentum

134 1801 344 1900 physicum
363 1804 419 1877 rel
438 1803 597 1891 morale,
618 1832 691 1879 non
712 1822 859 1879 tenetur
879 1805 1028 1906 quidem
1046 1829 1112 1902 per
1130 1804 1229 1895 seip-

141 1923 224 1973 tam
243 1901 289 1973 ad
309 1901 621 1976 denunciandum.
640 1902 740 1976 'Vide
761 1908 893 1977 Potest.
919 1911 957 1997 q}
979 1900 1051 1994 643
1067 1915 1103 1974 et
1121 1902 1228 1975 Maza.

146 2024 185 2093 p.
209 2003 282 2092 442
298 2026 333 2097 q.
353 2027 388 2071 2.
405 2000 569 2073 Dubium
591 2004 645 2084 fit,
663 2028 708 2073 an
730 2004 805 2076 haec
821 2018 989 2074 teneatur
1006 2001 1241 2072 denunciare
1317 2006 1319 2019 '

147 2122 214 2209 per
234 2097 424 2199 epistolam
437 2138 444 2180 4
458 2102 829 2173 autinternuncium?
847 2100 1003 2172 Videtur
1018 2097 1233 2196 negandum

149 2219 192 2269 cx
213 2196 363 2295 prolatis
379 2224 414 2268 n.
432 2196 514 2272 563.
534 2198 632 2272 nub.
650 2199 670 2270 3
692 2199 755 2271 ubi
776 2198 951 2287 diximus,
974 2196 1075 2295 qood
1094 2196 1258 2277 habens,

148 2312 341 2390 peccatum
356 2314 576 2369 reservatum
595 2324 669 2369 non
688 2314 856 2370 teneatur
874 2313 993 2396 petere
1010 2295 1194 2366 licentiam
1214 2298 1233 2365 ὲ

147 2392 343 2488 Superiore
364 2421 428 2492 per
449 2394 608 2479 litteras,
627 2397 683 2468 vel
705 2397 864 2469 mediam
886 2418 1091 2495 personam,
1111 2393 1232 2465 sinon

105 2506 112 2525 ⁸
147 2493 264 2587 possit
278 2492 387 2564 illum
404 2493 515 2566 adire.
529 2492 600 2566 Sed
614 2498 650 2565 in
671 2522 756 2568 casu
775 2509 900 2568 nostro
920 2492 1036 2564 veriirs
1054 2490 1235 2563 affirmau-

5 2650 6 2663 2
149 2586 241 2659 dum
263 2614 349 2661 cum
366 2590 455 2661 Viva
473 2592 511 2662 in
527 2594 636 2690 Prop.
660 2617 680 2690 7
702 2594 828 2665 damn.
848 2592 894 2665 ab
913 2591 1016 2665 Alex.
1037 2590 1118 2679 vtl.
1140 2616 1175 2660 n.
1196 2590 1232 2663 8.

121 2764 123 2768 μ
152 2686 301 2759 Mszrot⁴
321 2688 347 2759 l.
363 2715 395 2760 c.
412 2690 524 2761 Salm.
544 2716 581 2763 n.
601 2714 666 2787 109
683 2708 718 2761 et
729 2694 844 2764 Rono.
864 2720 898 2787 p.
918 2696 984 2762 118
1001 2714 1064 2787 qo.
1083 2687 1120 2762 5.
1138 2690 1178 2759 R.
1199 2714 1234 2759 2.

151 2781 285 2883 Dispor
299 2786 396 2857 enim
420 2802 474 2858 est
494 2792 585 2860 ratio
606 2790 701 2859 inter
721 2791 936 2886 petitionem
959 2786 1197 2860 absolutionis
1215 2789 1234 2859 i

150 2885 357 2971 reservatis,
379 2897 414 2956 et
430 2883 750 2959 denunciationem
767 2885 1037 2959 sollicitationis
1053 2911 1061 2966 ;
1080 2909 1167 2954 nam
1183 2881 1236 2956 ibi

148 2979 323 3079 obligatio
343 2998 397 3054 est
414 2983 565 3055 sistendi
583 2982 684 3079 opud
706 2985 967 3082 Superiorem,
992 2997 1033 3054 ut
1053 2983 1234 3079 poenitens

147 3083 302 3177 recipiat
321 3078 427 3154 abeo
445 3085 518 3153 uni
536 3108 621 3154 com
639 3080 870 3155 absolutione
889 3086 996 3155 etiem
1015 3080 1136 3153 debita
1151 3106 1235 3152 mo·

148 3179 225 3251 nita
248 3193 284 3252 et
304 3181 584 3280 poenitentiam;
610 3180 708 3253 unde
735 3182 797 3279 qui
820 3209 893 3253 non
916 3194 1034 3280 potest
1052 3180 1152 3250 adire
1170 3203 1236 3277 per

147 3303 209 3363 se,
232 3304 305 3350 non
327 3293 474 3351 tenetur
495 3306 559 3378 per
578 3278 690 3352 alium
714 3309 722 3347 :
747 3279 917 3375 obligatio
946 3297 1065 3350 antem
1089 3279 1235 3349 denun-

149 3376 273 3449 ciandi
284 3375 563 3460 sollicitantem,
580 3405 654 3450 non
669 3380 742 3450 tam
755 3394 808 3452 est
822 3376 980 3450 adeundi
999 3376 1236 3475 personaliter

149 3474 383 3574 Superiorem
400 3531 408 3559 ,
428 3481 537 3570 quam
559 3475 748 3550 deserendi
765 3478 839 3550 sivi
856 3477 1046 3550 indicandi
1067 3478 1099 3548 ei
1116 3472 1236 3546 delin-

177 3589 327 3647 uentem
344 3575 358 3668 (
367 3589 408 3645 ut
420 3573 584 3672 loquitur
595 3575 733 3649 Bened.
748 3578 847 3649 XIV.
863 3579 899 3648 in
917 3604 981 3648 sua
994 3574 1101 3646 Bulla
1113 3576 1139 3665 ⁴),
1152 3594 1235 3672 quae

147 3599 300 3761 ilelatio,
319 3671 349 3743 si
367 3670 552 3771 abaliquo
571 3675 699 3773 nequit
718 3677 793 3747 fieri
816 3701 879 3772 per
892 3700 942 3757 se,
960 3675 1086 3746 saltem
1109 3687 1164 3743 est
1180 3670 1236 3741 la-

150 3770 283 3846 cienda
298 3775 313 3862 (
328 3768 438 3842 modo
459 3771 553 3843 absit
568 3771 779 3871 periculum
797 3775 953 3872 proprioe
969 3770 1151 3863 infamiae)
1171 3793 1237 3861 per

148 3871 364 3970 epistolam,
385 3868 443 3941 rel
468 3871 578 3941 oliam
602 3896 819 3967 personam,
844 3870 901 3941 vel
925 3868 1112 3940 monendo
1139 3867 1237 3964 judi·

150 3995 254 4056 cem,
272 3983 316 4042 ut
331 3969 454 4041 mittat
471 3968 657 4041 notarium
677 3972 715 4042 in
733 3968 885 4041 domum
903 3993 1026 4052 suam3
1053 3967 1117 4066 qui
1137 3968 1236 4041 enim

146 4080 295 4141 tenetur
311 4065 506 4159 adfinem,
523 4080 667 4141 tenetur
683 4068 791 4143 etism
806 4066 855 4141 ad
872 4065 1006 4139 media.
1185 4088 1186 4091 ’
