2917 4709
235 222 304 293 tal
345 220 417 292 Lib.
436 224 495 294 Vl.
511 224 619 293 Tract.
638 218 697 293 lv.
715 220 766 291 De
781 221 984 292 Sacramenta
998 186 1207 293 Poenitentim·
1243 172 1249 187 =

235 335 279 409 Ρ.
298 337 459 408 Consiua
475 335 520 408 de
536 337 761 408 correctione
776 335 933 407 fraterna
950 336 1016 431 (in
1030 349 1136 408 tract.
1151 338 1197 407 de
1208 334 1319 408 Ele'e’·

236 457 327 503 mos.
346 461 377 505 c.
392 435 414 505 3
430 461 468 505 n.
485 446 548 529 9),
566 434 674 517 dicit,
690 434 791 532 quod
807 435 845 505 in
863 432 995 524 dubio,
1013 460 1060 506 an
1076 437 1254 507 correctio
1269 435 1319 505 sit

235 531 424 630 profutura
439 531 497 604 vel
513 535 688 611 nocitura,
705 533 823 603 omitti
838 530 981 613 debeat.
1000 534 1085 632 quia
1100 534 1156 621 (ut
1170 534 1235 628 att)
1246 535 1331 604 im·'

234 628 439 728 prudenter
456 633 529 728 agit
544 632 606 728 qui
628 628 764 703 dubius
780 630 983 729 operationi
1002 628 1133 702 morali
1153 626 1192 704 de
1210 657 1316 705 com-

235 729 361 799 mittit
462 782 468 791 .

178 868 226 937 ⁶¹7
287 854 306 891 «
332 827 437 920 Resp.
455 850 488 897 a.
512 828 563 902 Ut
582 825 828 900 Confessarios
843 824 941 901 licite
957 824 1028 900 hoc
1040 827 1317 901 Sacramentum

236 951 256 992 a
284 923 531 1009 administret,
556 923 665 997 debet
686 950 763 998 esse
782 928 819 997 in
839 927 973 1023 gratia,
992 923 1132 1023 alioqui
1174 924 1318 998 secabit

232 1050 251 1086 a
285 1022 485 1107 mortaliter
500 1024 517 1059 ⁰
531 1022 653 1117 (Vide
676 1022 772 1097 dicta
798 1050 834 1094 n.
859 1022 899 1096 31
918 1022 980 1113 >⁰3
998 1024 1086 1097 item
1107 952 1215 1098 delet
1236 1048 1315 1095 esse

232 1147 254 1189 n
283 1122 387 1206 talis,
409 1137 450 1192 ut
468 1146 533 1223 per
553 1120 623 1194 hoc
646 1148 719 1205 oon
736 1135 941 1219 exponatur
960 1124 1126 1220 proximo
1150 1122 1316 1221 periculo

204 1254 207 1263 ·
232 1216 254 1286 i>
310 1216 461 1290 e'ccandr
480 1219 690 1317 mortaliter.
711 1222 798 1292 Pars
812 1220 914 1318 prior
931 1235 1074 1294 constat
1088 1247 1130 1294 ex
1146 1221 1254 1294 dictis
1268 1220 1316 1292 de

231 1342 254 1382 n
282 1244 523 1412 iacramentis
542 1319 580 1388 in
600 1342 741 1414 genere.
758 1322 814 1389 An
831 1316 914 1390 vert
930 1317 1081 1392 audiens
1100 1318 1223 1417 plures
1242 1345 1317 1391 una

232 1440 254 1480 u
283 1414 388 1511 qnasi
411 1420 486 1485 rice
510 1415 640 1487 morali
665 1431 719 1487 tut
734 1417 888 1487 nurnero
918 1432 1063 1512 peccata
1090 1420 1317 1502 committat,

231 1538 254 1581 u
283 1513 343 1583 atii
372 1527 531 1608 negant,
559 1530 599 1584 nt
622 1514 714 1587 Rod.
744 1515 805 1587 alii
831 1514 1041 1605 affirmant,
1077 1534 1115 1587 ut
1137 1518 1228 1588 Bon.
1255 1516 1318 1587 laic

231 1610 252 1674 ir
283 1609 1319 1711 'tVrdedictal.5n.9ar.Qu.6nbiidomnini)ne·

231 1733 254 1778 r>
283 1706 388 1805 galur
411 1710 455 1805 >⁸
471 1712 560 1783 Pars
575 1718 756 1810 posterior
775 1725 884 1811 patet.

527 1904 628 1977 Unda
642 1907 823 1982 resolutior
834 1905 896 1980 hr'c
908 1932 1023 1980 cesus.

281 2130 303 2167 u
331 2100 525 2174 confessor
542 2100 710 2174 conscius
726 2101 795 2175 sibi
817 2103 956 2197 peccati
977 2101 1141 2176 mortalis
1157 2113 1317 2190 tenetur,

231 2226 251 2265 ι
282 2203 476 2296 antequem
496 2200 618 2271 audiat
634 2255 642 2277 ,
661 2200 714 2271 vel
738 2200 867 2273 saltem
887 2201 1050 2273 absolvat
1076 2202 1318 2297 poenitentern

231 2323 250 2363 ο
281 2296 298 2330 ⁶
317 2297 428 2381 kVide
447 2300 543 2370 dicta
562 2299 607 2368 de
623 2295 693 2370 hoc
708 2297 775 2369 lib.
791 2299 816 2372 6
831 2327 866 2370 n.
886 2301 948 2391 36>
967 2354 975 2385 ‚
993 2300 1009 2334 ⁹
1025 2301 1102 2399 ipse
1118 2299 1283 2373 confiteri
1303 2353 1317 2385 ‚

231 2422 251 2461 a
283 2396 336 2466 rel
353 2398 491 2468 conteri
504 2397 550 2468 de
563 2422 628 2466 sno
644 2412 808 2492 peccato.
824 2398 859 2469 Si
876 2412 997 2470 tamen
1012 2412 1163 2471 vocatos
1178 2397 1318 2494 impro-

227 2520 251 2560 ι
283 2492 358 2564 visi)
381 2495 425 2565 ad
445 2492 710 2566 moribundum
723 2495 936 2593 recolligere
954 2521 992 2568 se
1012 2500 1082 2568 tam
1100 2494 1221 2568 subito
1239 2520 1319 2568 non

159 2629 163 2635 ·
229 2619 253 2660 a
286 2595 398 2686 possit
424 2592 470 2671 ad
495 2596 751 2667 contritionem
776 2593 1020 2684 eliciendam,
1040 2593 1094 2667 vel
1120 2593 1317 2666 bonafide

133 2685 136 2691 ’
231 2696 258 2756 n
282 2706 386 2788 putet
403 2715 440 2761 se
458 2689 623 2763 elicuisse
642 2745 649 2774 ,
665 2717 741 2763 non
763 2709 890 2787 peceat
906 2689 1139 2766 absolvendo.
1157 2693 1316 2790 Praepos.

233 2814 253 2855 u
281 2786 669 2887 LugoTamb.·l.3c.
693 2788 1263 2886 253⁹(thedicun.33.)·

137 2870 141 2887 ¹
176 2928 225 2984 ω
282 2916 302 2951 u
333 2889 434 2987 Resp.
460 2888 494 2960 3.
519 2887 557 2959 si
578 2885 675 2959 maid
693 2888 872 2981 absolvit,
898 2886 1161 2964 committendo
1188 2887 1316 2962 desec-

235 3011 254 3053 ι)
280 2984 634 3074 commeatalem,
657 2990 768 3083 raegr.
796 2989 824 3059 si
851 3014 926 3060 non
949 2986 1102 3084 protulit
1128 2985 1317 3073 formam,

231 3107 250 3147 a
282 3082 336 3152 vel
355 3082 537 3156 absolvite
559 3088 744 3156 reservatis
765 3111 838 3156 non
856 3084 1047 3158 subditum
1064 3141 1072 3167 ‚
1090 3100 1236 3157 terretur
1251 3085 1314 3158 in·-

231 3207 250 3244 ι
282 3179 416 3252 docere
436 3181 482 3253 ad
502 3180 742 3280 repetendam·
752 3183 1038 3271 contessionem,
1059 3184 1089 3254 si
1107 3185 1186 3255 aine
1201 3208 1314 3255 scan-

231 3302 250 3342 ι
282 3277 389 3366 dato,
410 3278 583 3367 infamia,
606 3279 780 3367 [rectione
798 3281 931 3381 sigilli,
950 3298 985 3353 et
1004 3295 1227 3355 nocumento
1244 3305 1313 3353 sno

230 3402 253 3445 u
281 3377 418 3474 possit:
442 3379 497 3450 sio
519 3375 666 3464 minias,
689 3402 765 3449 non
785 3392 942 3454 tenetur.
968 3380 1005 3452 si
1024 3405 1100 3452 non
1119 3377 1313 3452 absolvitis

222 3500 251 3541 s
281 3500 454 3557 censura,
478 3489 595 3571 potest
612 3472 805 3548 abendam
823 3478 837 3570 (
854 3479 908 3564 si,
926 3477 984 3551 rel
1003 3474 1155 3575 quaudd
1168 3476 1314 3549 habun-

191 3590 196 3601 ’
223 3600 253 3640 or
283 3574 329 3642 rit
346 3586 557 3670 potestatem
579 3580 589 3653 l
607 3570 797 3647 absolvere
808 3574 995 3649 absentem
1012 3576 1029 3611 '
1048 3566 1145 3647 Vide‘
1157 3574 1316 3650 dicende

223 3698 254 3739 ι»
284 3668 330 3741 de
343 3672 504 3742 Censur.
533 3697 571 3742 n.
605 3694 682 3767 ¹¹7·
701 3672 750 3758 )’“
768 3676 904 3748 Bonae.
931 3673 1156 3750 decennio
1175 3698 1314 3746 comm.

233 3797 254 3837 u
284 3766 321 3840 d.
350 3794 361 3841 r
414 3766 525 3868 .3p.
549 3769 574 3843 6
597 3770 914 3848 exserant-'itm
945 3799 1036 3851 rrc.
1059 3797 1152 3871 roq.
1172 3770 1207 3845 6.
1226 3772 1313 3870 Reg.

233 3894 255 3934 >r
282 3795 498 3939 Naulodr.
579 3896 583 3903 ·

281 3993 298 4025 n
329 3965 365 4035 Si
390 3991 463 4038 non
486 3966 719 4061 interrogarit
742 3966 963 4043 sufficienter
977 3992 1199 4053 numerum,
1222 3991 1312 4081 spe·

219 4084 249 4151 ²!
274 4060 394 4155 οἱοῦ),
417 4064 473 4140 rel
490 4064 578 4138 alias
598 4067 911 4163 circumstantias,
928 4060 1140 4167 regulariter
1153 4064 1201 4139 'ad
1212 4062 1312 4141 nibil
