2917 4709
129 298 130 301 ,
227 187 292 281 378
405 198 524 268 .Lib.
541 201 599 270 Vl.
616 202 724 270 Traut.
741 201 1092 271 VLDeMatiimouio.

225 305 585 403 anastasiana,
606 319 626 388 a
650 340 724 415 qua
752 312 847 389 lilius
869 314 1072 387 abhorret?
1090 309 1306 386 Communis

229 422 284 478 est
300 414 476 483 sententia
496 437 655 512 negans,
677 439 790 512 quain
810 429 935 486 tenent
952 413 1086 488 Sanch.
1106 410 1131 483 l.
1152 410 1234 505 41).
1258 409 1305 484 23

229 530 335 577 num.
356 507 377 578 3
400 534 484 580 cum
506 512 637 596 Scuto,
657 512 760 584 Host.
779 511 872 611 sylv.
888 511 997 598 Solo,
1014 509 1193 584 Tambur.
1211 511 1304 605 Aug.

228 603 319 675 Led.
335 620 405 679 etc.
425 606 509 679 item
529 608 636 680 Croix
658 609 682 681 l.
703 611 728 683 6
745 636 783 709 p.
803 610 824 681 3
847 638 885 684 ιι.
903 612 973 707 570
989 614 1075 685 cu'm
1096 611 1228 683 Aversa
1244 662 1255 694 ‚
1270 620 1310 678 et

219 700 311 801 'aliis
335 705 490 801 passim,
515 732 558 779 ex
573 707 616 779 D.
634 704 704 780 Th.
725 734 758 780 a.
784 734 804 779 a
827 734 863 809 q.
888 711 954 801 ιο4
970 722 1036 779 art.
1061 707 1083 782 5
1108 704 1196 778 nbi:
1222 703 1309 776 Non

229 802 468 897 tenentarfilii
477 804 678 898 parentibus
698 805 837 878 obedire
859 806 903 878 de
923 804 1153 877 Matrimonia
1168 818 1311 874 contra-

229 895 360 970 henda.
378 902 428 973 Et
442 902 488 974 D.
507 905 640 977 Bonas.
662 907 698 975 in
714 907 736 996 4
757 898 801 979 D.
822 929 868 1001 29
886 929 924 977 ιι.
949 929 1002 977 ιο.
1020 903 1096 974 Par
1102 917 1311 1001 pracceptum

230 1009 302 1067 nott
312 1013 432 1093 potest
439 1018 543 1093 pater
553 1001 605 1072 ad
612 1001 887 1073 contrahendam
905 1027 982 1073 cum
1001 998 1071 1072 hac
1089 1001 1145 1071 ael
1156 999 1214 1070 itta
1228 997 1312 1070 obla-

225 1118 323 1192 gare.
342 1096 597 1172 Cotnmunitec
613 1113 734 1172 tamen
748 1099 877 1172 dicunt
890 1100 1074 1173 Petrocor.
1093 1112 1119 1169 t.
1141 1100 1163 1191 4
1184 1122 1221 1196 p.
1239 1096 1311 1188 414

232 1217 269 1284 q.
296 1192 333 1264 5.
358 1196 482 1294 Laym.
505 1223 539 1268 c.
567 1222 582 1269 ι
604 1224 640 1268 n.
667 1200 811 1289 sd'cum
830 1196 976 1297 Sylvest.
995 1196 1103 1271 Ccoix
1124 1194 1148 1265 Ι.
1167 1219 1200 1269 c.
1223 1220 1313 1267 cum

232 1288 349 1363 Tolet
367 1292 500 1366 Sanch.
515 1323 552 1367 n.
570 1296 591 1388 4
607 1320 694 1367 cum
710 1298 746 1367 S.
761 1299 898 1369 Bonas.
914 1293 1086 1367 Bellarm.
1102 1292 1189 1368 Nat.
1209 1292 1311 1378 Sota,

231 1383 343 1461 Henr.
364 1404 434 1464 etc.
448 1408 485 1465 et
500 1394 643 1466 Bossius
661 1419 693 1467 c.
718 1421 754 1465 tt
777 1420 814 1465 ιι.
831 1417 875 1491 77
891 1419 978 1465 cum
995 1395 1087 1491 Lop.
1106 1408 1141 1463 et
1153 1390 1241 1466 Led.
1262 1405 1312 1462 te·

120 1506 128 1557 t
222 1484 308 1565 ,neri
327 1487 443 1562 lilium
461 1490 609 1563 obedire
622 1548 631 1574 ‚
645 1492 674 1563 si
697 1491 971 1564 Matrimonium
988 1488 1082 1563 illud
1097 1488 1202 1562 valde
1221 1488 1313 1562 rele-

231 1598 289 1657 rat
310 1586 356 1658 ad
380 1588 541 1661 tollenda
557 1591 677 1688 gravia
700 1588 875 1676 dissidia,
895 1588 949 1662 vel
967 1589 1014 1661 ad
1046 1586 1314 1661 sublevandam

232 1708 380 1782 gravem
397 1684 644 1761 necessitatem
666 1704 883 1786 pareutum,
902 1692 1066 1785 uoniam
1082 1686 1315 1784 vigoreprae·

233 1784 331 1879 cepti
348 1840 356 1863 .
378 1784 441 1858 sed
460 1811 502 1859 ex
520 1789 648 1860 virtute
667 1787 809 1886 pietatis
823 1845 832 1873 ‚
848 1790 933 1886 quia
954 1785 1050 1858 lilius
1070 1798 1215 1857 tenetur
1228 1782 1316 1856 sub·

232 1882 355 1954 venire
387 1885 597 1981 parentibus
626 1886 663 1957 in
692 1889 916 1960 necessitate.
945 1887 994 1957 Et
1017 1884 1103 1958 huic
1129 1882 1315 1956 consentit

232 1979 281 2053 D.
307 1980 375 2052 Th.
402 1981 438 2055 in
461 1987 483 2076 4
508 1984 552 2057 D.
569 2008 616 2080 29
638 2011 673 2080 q.
699 2012 708 2056 ι
733 1999 800 2057 art.
824 1987 847 2077 4
868 1981 929 2056 ubi
951 1982 1059 2055 docet
1079 2010 1088 2051 ι
1112 1982 1228 2052 Pater
1243 2004 1317 2052 non

228 2091 349 2174 potest
365 2105 487 2176 cogare
508 2081 617 2165 sitiam
642 2081 693 2152 ad
714 2081 980 2154 Matrimonium
1002 2105 1069 2172 per
1082 2094 1318 2175 preceptum,

236 2175 303 2247 sed
319 2192 437 2267 potest
455 2203 534 2250 eam
557 2178 717 2251 inducere
742 2204 790 2250 ea
810 2176 1009 2251 rationabili
1026 2200 1160 2258 causa,·
1185 2188 1221 2244 ct
1236 2190 1318 2248 tanc

236 2270 327 2346 st'ciit
343 2299 382 2345 sc
404 2273 513 2348 habet
532 2274 624 2352 filias
643 2279 695 2347 ad
706 2302 853 2348 causam
875 2276 995 2364 illam,
1018 2275 1067 2345 iat
1092 2300 1132 2346 ac
1148 2272 1256 2345 habet
1270 2272 1323 2344 ad

231 2386 440 2468 praeceptum
452 2373 566 2471 patris
582 2398 594 2456 ;
609 2387 650 2445 at
669 2375 704 2473 ιβ
715 2373 775 2445 illa
788 2399 897 2446 causa
909 2388 1012 2469 cogat
1025 2375 1070 2446 dc
1086 2370 1293 2444 necesstiate
1311 2428 1324 2458 ,

240 2469 295 2538 acl
312 2469 356 2540 de
379 2469 587 2555 honestata,
616 2488 651 2542 et
668 2489 876 2568 preceptum
900 2470 1056 2544 similiter
1077 2485 1202 2566 cogam·
1230 2468 1321 2540 altiss

239 2590 323 2638 noa.
338 2567 409 2640 Sed
428 2569 496 2641 hoc
515 2569 796 2665 intelligendum
816 2627 824 2655 ‚
843 2570 891 2641 ait
907 2569 1040 2643 Sanch.
1056 2597 1094 2641 n.
1113 2568 1135 2639 5
1154 2592 1240 2639 cum
1259 2592 1323 2665 pa-

238 2662 410 2738 lactea.
422 2683 544 2741 etcex
561 2669 832 2765 suppositione,
850 2668 954 2767 qnod
973 2667 1069 2739 lilius
1086 2665 1174 2738 velit
1186 2679 1324 2738 statum

241 2763 474 2863 conjugalem
493 2768 646 2857 eligece3
665 2765 733 2838 nisi
752 2769 899 2865 (excipit
916 2765 1051 2838 Sanch.
1070 2791 1155 2837 cum
1175 2762 1325 2854 Ledes.)

243 2861 518 2937 Matrimonium
534 2863 684 2964 aliquod
709 2863 875 2963 locuples
897 2880 990 2939 esset
1013 2862 1255 2936 necessarium
1278 2859 1328 2932 ad

241 2957 536 3034 subueniendum
561 2964 765 3036 necessitati
789 2978 983 3060 parentum
1001 2987 1010 3049 ;
1031 2960 1097 3034 aed
1122 2960 1193 3034 hoc
1214 2961 1327 3032 etitm

201 3060 203 3062 ’
243 3083 329 3133 cum
347 3085 460 3154 grano
476 3060 559 3132 salis
577 3060 872 3159 intelligendum.
902 3118 906 3123 .

292 3156 390 3230 Dicit
407 3173 528 3231 autem
549 3159 696 3231 Bossius
716 3187 754 3231 n.
777 3183 833 3258 70.
854 3185 940 3231 cum
961 3157 1189 3232 Menoch..et
1202 3153 1325 3229 Salon.

243 3253 358 3351 quod,
382 3258 540 3351 precisis
560 3251 616 3329 liis
641 3260 771 3345 causis,
797 3260 927 3356 poterit
953 3270 1054 3352 pater
1082 3253 1268 3327 moderata
1291 3267 1330 3325 et

242 3346 315 3427 levi
330 3353 526 3443 coactione,
546 3354 685 3429 scilicet
706 3371 854 3451 paterna
870 3353 1121 3451 increpatione
1141 3367 1176 3425 et
1189 3354 1328 3425 suasio-

242 3448 354 3525 nibus
383 3474 512 3549 cogere
541 3453 658 3524 filium
688 3451 736 3524 ad
765 3452 917 3549 aliquod
941 3453 1225 3524 Matrimonium.
1256 3448 1329 3522 Sed

242 3543 374 3622 meliias
389 3553 439 3621 ait
453 3552 558 3643 ὅροι.
574 3550 620 3623 de
631 3549 695 3621 lV·
712 3552 824 3624 Praec.
839 3577 873 3623 c.
890 3552 911 3624 5
928 3575 965 3622 ιι.
981 3546 1329 3622 aa.cl1mBellarm.

235 3662 281 3720 et
289 3645 389 3735 aliis,
408 3648 548 3722 tantiam
563 3649 867 3747 permissumessc
881 3652 974 3748 patri
988 3650 1104 3723 lilium
1119 3648 1164 3721 ad
1186 3647 1332 3741 nuptias

13 3828 14 3837 ¹
242 3745 394 3820 invitare
420 3746 469 3819 ob
497 3745 658 3847 aliquam
687 3751 820 3842 justam
844 3775 1011 3834 causam,
1042 3763 1127 3846 puta
1156 3745 1334 3817 familiam

243 3843 495 3946 propagandi,
525 3843 713 3918 facultates
746 3845 975 3942 ampliandi,
1016 3860 1078 3918 aut
1103 3843 1333 3917 nobilitatem

174 4010 189 4045 a
247 3943 415 4038 augendi.
440 3946 501 4019 Ait
529 3957 651 4017 tamen
674 3942 772 4018 idem
793 3945 940 4018 Bossius
966 3944 994 4016 l.
1022 3969 1056 4015 c.
1086 3940 1193 4014 nullo
1221 3939 1333 4013 modo

243 4060 354 4157 posse
369 4042 648 4145 pataemcogere
662 4034 783 4122 filium
795 4041 844 4120 ad
856 4046 1026 4145 nuptias,
1039 4040 1070 4117 si
1084 4040 1146 4118 hic
1160 4038 1248 4121 velit
1262 4065 1336 4141 ιιις-
