2917 4709
233 260 328 352 7576
491 257 553 327 Lsss
581 257 641 333 vt.
653 258 761 326 Tiaot.
774 256 834 327 vi.
848 256 899 325 De
911 255 1130 325 Matrimonia.

264 374 366 457 Soar.
387 385 421 442 et
436 370 554 444 Grass.
570 369 670 469 apud
687 356 868 443 Mazzoch.
887 396 924 469 p.
938 393 988 483 99
1004 394 1044 439 ιι.
1069 367 1133 465 187
1151 386 1194 438 ex
1209 363 1258 442 D·
1275 361 1350 439 Bo-

263 496 349 543 nor.
370 485 404 541 et
420 472 463 547 D.
482 469 554 543 Th.
573 494 646 553 2.‚2
692 528 698 540 .
715 473 765 567 89
780 482 844 542 art.
867 493 888 567 7
907 464 1045 540 etiamsi
1063 489 1120 541 res
1138 468 1349 564 juramento

264 570 442 669 promissa
463 582 556 641 esset
572 496 766 643 reniiiiter
782 566 903 649 malas
929 579 965 639 et
986 560 1140 653 merito,
1164 562 1251 662 quia
1275 558 1348 633 ini·

242 736 245 743 Δ
266 668 385 763 quitos
409 665 497 739 levis
519 667 628 738 etiam
648 680 701 739 est
722 690 802 740 vera
820 665 1019 765 iniquitas,
1039 664 1146 760 cujus
1161 663 1348 761 juramen·

266 778 344 838 turn
366 790 438 835 non
460 772 671 860 potestesse
689 763 892 838 vinculum.
961 830 965 835 .

314 864 415 937 Idem
437 861 637 953 dicendum
660 875 792 962 putant
818 859 1064 936 communiter
1082 860 1159 934 ΑΔ.
1177 855 1345 938 seilicet*

244 981 250 993 ·
265 985 342 1033 non
359 959 471 1035 teneri
483 986 659 1059 sponsum
674 961 721 1033 ad
736 959 923 1059 implenda
937 955 1150 1059 hujusmodi
1162 950 1348 1053 sponsalia

267 1086 352 1130 cum
380 1061 479 1155 gravi
505 1072 697 1157 parentum
725 1058 887 1157 injuria,
916 1058 1056 1133 etiamsi
1082 1054 1257 1151 uirginem
1277 1049 1347 1123 de-

265 1155 471 1240 floruerit,
492 1157 556 1231 sed
576 1156 741 1233 sufficere
760 1153 861 1257 quod
883 1181 964 1233 eam
983 1154 1109 1240 dotet,
1130 1158 1177 1223 nt
1198 1148 1348 1223 Valent.

265 1270 293 1325 t.
312 1258 333 1327 5
358 1255 456 1335 D.·3.
485 1256 688 1329 Marciiant.
710 1268 738 1329 t.
761 1267 847 1329 atr.
872 1277 892 1353 7
913 1254 969 1335 tit.
995 1266 1014 1328 ι’
1028 1278 1063 1369 q.
1085 1276 1106 1325 2
1124 1251 1146 1343 ἓ
1167 1250 1189 1323 3
1211 1246 1301 1327 dub.
1323 1272 1345 1323 2

266 1353 307 1427 ii.
331 1379 364 1427 2.
385 1352 517 1425 Sauch.
540 1354 564 1427 l.
591 1381 601 1427 ι
626 1355 670 1431 D.
685 1355 736 1444 ,14
753 1379 788 1425 ιι.
806 1353 827 1426 3
848 1350 963 1450 quiid
982 1349 1208 1423 verissimum
1222 1357 1349 1421 censet

266 1478 352 1523 curu
365 1449 512 1525 Navarr.
525 1452 617 1545 [ορ.
634 1450 802 1525 ΟοιιΙῑιΙι.
815 1450 917 1527 Gutt.
931 1465 999 1525 etat.
1015 1450 1107 1525 Item
1121 1448 1206 1546 teg.
1221 1442 1344 1519 Truil.

264 1547 395 1631 Tarub.
414 1550 535 1621 Serius
551 1606 557 1627 ,
576 1548 695 1625 Graff.
713 1566 749 1622 et
767 1548 860 1625 Gob.
885 1548 986 1645 apud
1003 1546 1184 1623 Mazzoch.
1202 1568 1247 1617 ex
1265 1567 1344 1641 pag.

269 1647 336 1717 130
351 1652 363 1735 (
380 1661 507 1720 contra
520 1649 620 1723 Bon.
639 1675 670 1723 c.
689 1670 729 1720 21
754 1673 789 1719 n.
802 1671 865 1745 9ο.
882 1664 893 1738 J
907 1648 1027 1735 Ratio,
1042 1650 1127 1745 quia
1142 1647 1256 1716 virtus
1268 1644 1348 1741 jus·

266 1747 353 1815 titiae
377 1748 504 1845 nequit
523 1744 685 1838 obligare
705 1743 752 1817 ad
769 1760 894 1823 sctum
908 1748 982 1843 ¹qui
1004 1746 1082 1817 sine
1105 1752 1255 1844 peccato
1273 1743 1346 1812 im·

157 1912 161 1921 ,
264 1841 359 1940 pleri
380 1860 454 1916 non
476 1858 606 1943 potest.
624 1845 678 1921 Ex
696 1869 766 1943 qua
784 1843 1025 1944 probabiliter
1041 1840 1186 1917 ridetur
1202 1835 1344 1924 inserti,

199 1966 202 1973 ’
264 1941 389 2040 quod,
411 1943 440 2013 si
462 1938 543 2015 talis
557 1969 715 2040 sponsus
731 1969 803 2014 uon
824 1942 939 2042 possit
958 1941 1171 2016 defloratam
1191 1937 1344 2020 dotare,

242 2114 245 2119 ,
262 2064 334 2113 nec
346 2043 455 2113 etism
473 2056 635 2119 teneatur
650 2058 729 2119 earn
748 2040 909 2117 ducere:
928 2044 1013 2140 quia
1029 2036 1103 2112 non
1117 2050 1236 2139 potest
1246 2034 1350 2109 dam·-

262 2161 354 2208 nnm
370 2137 469 2212 iilius
484 2165 650 2235 reparare
668 2164 754 2213 cum
770 2141 867 2237 gravi
884 2140 1017 2236 injuria
1033 2151 1237 2237 parentum.
1253 2136 1346 2210 Pne-

262 2236 554 2335 terqnamquod‚
574 2239 712 2335 posito,
727 2237 829 2336 quod
846 2239 923 2336 ipse
939 2263 1015 2311 ιιοιι
1033 2250 1197 2312 teneatur
1212 2233 1245 2306 ri
1263 2248 1346 2329 pro·

261 2336 464 2425 missionis,
482 2334 970 2413 necetiimrideaturteniri
982 2330 1122 2409 ratione
1132 2329 1345 2407 defloratio-

258 2435 317 2501 nis
331 2430 815 2530 adreparandumdamnum
827 2432 984 2518 illatum,
999 2458 1085 2507 cum
1099 2457 1209 2505 nemo
1224 2445 1346 2503 tenea·

131 2612 137 2617 ,
260 2541 322 2600 tua
340 2555 505 2628 reparare
523 2529 702 2604 damnum
720 2557 805 2602 cum
820 2529 1008 2605 excedenti
1027 2558 1094 2604 suo
1110 2528 1343 2603 detrimento.
1387 2570 1392 2579 -

309 2629 358 2699 Et
405 2629 519 2701 uoties
538 2628 634 2701 filius
654 2644 822 2725 peccaret
836 2630 872 2701 in
890 2627 1142 2705 contrahendo
1158 2627 1345 2700 Matrimo-

259 2726 322 2796 nio
340 2655 511 2824 iniigno,
531 2754 572 2800 ex
589 2753 664 2827 quo
678 2726 839 2803 dedecus
855 2728 1023 2812 famiiin,
1042 2727 1098 2800 rei
1115 2722 1288 2801 scaudala
1308 2736 1346 2795 et

256 2822 423 2898 infelices
441 2827 556 2899 exitus
575 2825 778 2924 prudenter
791 2827 909 2899 timeri
928 2839 1093 2922 possent,
1110 2838 1201 2898 tuuc
1214 2821 1346 2895 dicunt

256 2922 384 3019 Layrn.
402 2949 434 2996 c.
459 2951 470 2998 ι
495 2950 530 2997 n.
553 2928 605 3016 14.
621 2926 755 2998 Bonae.
772 2949 809 3024 q.
823 2925 847 3017 4
863 2951 897 3023 ρ.
922 2948 961 3018 ¹7
980 2950 1018 2997 n.
1033 2924 1093 2998 26.
1107 2922 1244 2996 Dioast.
1259 2920 1345 3011 M

257 3018 348 3097 dub.
374 3021 900 3119 18.Delbenede1mmun.p.·
922 3048 932 3095 ι
952 3045 984 3094 c.
1000 3025 1024 3097 8
1040 3019 1129 3094 dub.
1152 3048 1163 3092 ι
1212 3032 1298 3093 seut.

255 3144 295 3189 n.
311 3120 356 3209 43
376 3146 417 3192 sc
432 3119 533 3193 Bosa.
547 3145 580 3217 ρ.
607 3145 642 3192 ιι
664 3147 701 3192 ιι.
716 3124 765 3219 89
780 3118 1009 3195 curnPoutio
1023 3133 1059 3192 et
1074 3044 1217 3191 tescit,
1238 3040 1345 3216 quoi

284 3232 428 3288 arentes
443 3216 641 3316 implorare
659 3222 798 3313 possint
814 3217 1065 3290 auctoritatem
1077 3215 1218 3291 Proelati
1238 3213 1285 3287 ad
1295 3228 1345 3288 ta·

254 3240 308 3384 ies
324 3317 472 3411 nuptias
491 3314 719 3410 implendas,
739 3332 772 3390 et
789 3313 964 3389 Praelatus
980 3328 1150 3389 teneatur
1166 3312 1343 3412 impiere3

232 3410 340 3482 ditet)
358 3408 370 3508 (
392 3428 432 3484 ut
450 3413 595 3486 Bossius
613 3412 736 3509 ibid.)
754 3412 960 3486 mortaliter
980 3430 1146 3512 peccaret
1165 3410 1344 3485 Preietos

252 3511 282 3585 ei
310 3511 388 3582 fitio
410 3509 568 3599 faveret,
596 3512 652 3583 vei
679 3511 908 3609 dispensaret
929 3513 973 3585 in'
994 3509 1348 3586 denunciationibus

250 3608 489 3685 Matrimonio
508 3608 783 3708 proemittendisr

298 3709 537 3781 Conveniunt
554 3721 678 3781 autem
692 3708 892 3799 Doctores,
911 3723 953 3783 nt
968 3722 1070 3782 notat
1090 3710 1227 3781 Auctor
1248 3728 1343 3803 prte-

248 3803 356 3881 dictae
373 3805 641 3879 dissertationis
661 3834 699 3903 p.
717 3804 869 3881 toton,
898 3835 907 3879 ι
934 3835 970 3880 ιι.
988 3810 1048 3901 ξι,
1064 3806 1159 3879 filios
1176 3804 1343 3878 excusari

245 3904 378 3978 saitem
400 3903 578 3976 imortaii
599 3957 608 3989 ‚
626 3905 658 3976 si
673 3903 814 4005 absque
829 3914 1016 3981 consensu
1031 3919 1227 4005 parentum
1244 3928 1343 3999 nup·

244 4003 314 4079 tias
329 4002 565 4091 contabunt
579 4026 622 4074 ex
640 4005 750 4100 iustis
761 4006 901 4093 causis,
917 4018 958 4078 et
967 4000 1154 4104 precipue
1170 4005 1200 4076 t.
1213 4002 1250 4075 si
1270 4025 1342 4100 pa-

214 4199 217 4203 y
244 4111 303 4176 ter
323 4102 361 4177 iu
379 4100 464 4205 jusi
488 4098 687 4204 prohibuit
705 4101 830 4181 fitium
846 4106 870 4181 t
884 4103 1079 4205 conmitti
1095 4100 1146 4179 iu
1163 4099 1340 4179 tettan.
