2917 4709
259 224 325 280 tao
364 203 438 276 Lib.
455 208 514 279 tl.
532 207 641 277 tau.
655 207 714 279 tv.
734 208 785 277 Do
800 205 1228 277 Steramento‘l'renitentire.

260 319 412 421 quandb
432 321 610 394 damnum
635 347 712 393 non
739 337 794 394 est
818 319 943 394 adhinc
964 320 1126 409 factum
1155 344 1229 392 non
1252 313 1347 390 verb

257 446 347 493 eum
382 445 425 492 ex
461 420 613 493 consiliu
644 418 826 492 damnum
853 434 907 492 est
937 422 1011 517 jam
1045 416 1191 492 illatum
1212 415 1343 489 alteri.

259 517 420 609 Quando
440 533 562 591 autem
582 518 833 591 Confessurius
851 515 1028 616 positive}
1048 531 1086 590 et
1104 513 1350 614 culpabiliter

260 614 448 714 deobligat
473 617 711 714 poeuitentcm
738 617 957 715 dispositum
983 615 1030 688 ad
1050 613 1345 694 restituendum.

260 724 351 787 tunc
371 715 448 813 ipse
465 732 518 786 est
535 740 670 802 causa,
689 729 831 803 utactu
859 713 1038 787 damnum
1054 711 1224 786 creditori
1246 710 1347 784 infe·

260 827 386 896 ratur,
404 837 488 885 cnm
507 812 616 899 alite,
630 817 659 886 si
678 840 760 885 non·
774 811 1024 912 deobligaret,
1047 816 1122 911 jam
1139 827 1220 884 actu
1238 812 1349 882 ficret

260 911 453 983 restitutio.
470 910 606 997 Unde,
625 913 657 984 si
671 909 847 984 damnum
868 915 941 1011 jam
958 925 1041 984 actu
1058 910 1232 994 infertur,
1247 931 1348 980 con·

261 1008 457 1094 lessarius,
484 1009 622 1081 etilmsi
650 1012 772 1108 postet
801 1024 938 1109 quaerat
958 1009 1137 1083 iuducere
1155 1007 1348 1107 poenitcn-

262 1121 343 1179 tem
356 1107 403 1180 ad
422 1107 710 1198 restituendum,
729 1110 758 1181 si
770 1107 835 1181 ille
851 1124 1000 1194 renuet,
1017 1130 1093 1179 non
1107 1103 1346 1179 excusabitur

153 1208 156 1223 '
262 1206 374 1305 ipset
394 1207 640 1295 restitutione,
658 1231 743 1279 curn
758 1205 837 1305 ipse
850 1205 960 1280 fcerit
974 1231 1081 1279 carisa
1093 1202 1219 1277 damni
1233 1202 1344 1275 illati.

312 1305 412 1392 Hoc,
439 1306 469 1375 si
493 1304 741 1378 Conlesaarius
762 1305 914 1404 positivi
932 1305 1199 1378 restitutionem
1219 1301 1345 1400 impe·

263 1399 366 1474 divit.
383 1402 420 1474 Si
444 1400 528 1475 reri)
553 1402 717 1500 negative
736 1429 776 1476 se
792 1400 939 1492 hebuit,
956 1401 1177 1501 negligendo
1193 1420 1352 1472 monere

262 1499 506 1614 poenitentem
525 1499 571 1571 de
583 1503 833 1593 restitutione,
853 1517 941 1574 tunc
958 1499 1264 1599 distinguendum
1279 1525 1291 1567 t
1306 1496 1349 1569 Si

263 1595 537 1696 inculpabiliter
551 1597 589 1670 id
606 1603 736 1696 egerit,
749 1625 824 1672 non
838 1613 984 1673 tenetur
997 1601 1149 1698 quidem
1163 1623 1249 1671 cum
1264 1619 1349 1694 gra·

263 1694 300 1769 ri
318 1722 385 1767 suo
398 1696 644 1770 incommodo
662 1724 810 1771 monere
834 1700 1098 1797 poenitentem
1118 1694 1182 1769 sed
1198 1709 1350 1769 tenetur

264 1794 413 1867 cumali
443 1793 515 1866 uali
527 1851 537 1884 ,
549 1810 587 1867 ut
603 1793 782 1880 diximus,
801 1798 885 1896 quia
895 1795 1053 1892 charitas
1067 1795 1206 1892 obligat
1217 1816 1350 1892 quom-

264 1917 377 1993 quam
394 1821 441 1964 ai
457 1892 702 1991 reparandum
716 1920 801 1967 cum
821 1896 969 1992 leri-suo
986 1892 1222 1967 incommodo
1235 1914 1342 1990 grave

262 2007 534 2064 nocumentum
551 1994 717 2089 proximi.
735 1996 788 2066 Et.
803 1996 842 2066 in
857 1993 930 2066 hoc
943 1992 1096 2067 advertit
1112 1994 1215 2090 Lugo
1232 2018 1269 2062 u.
1282 1989 1348 2065 63.

264 2087 547 2162 incommodum
567 2089 854 2163 mensurandum
869 2116 947 2164 esse
967 2089 1166 2191 respective
1177 2088 1226 2162 ad
1239 2087 1350 2160 dam*

264 2210 381 2265 num.
399 2185 500 2284 quod
520 2187 551 2256 si
570 2189 615 2260 sit
632 2189 909 2285 gravissimum,
926 2186 1151 2263 aderitforte
1172 2185 1346 2285 obligatio

266 2281 363 2355 illud
387 2283 581 2380 reparandi
606 2286 715 2358 etiam
745 2312 833 2359 cum
855 2287 1006 2361 notabili
1038 2284 1284 2361 insommodo.
1308 2283 1353 2357 Si

266 2380 354 2455 verb
370 2383 617 2457 confessu-ius
637 2383 872 2483 culpabiliter
885 2385 1042 2484 neglexit
1052 2411 1203 2459 monere
1217 2383 1350 2457 deres-

268 2482 461 2566 titutione,
491 2480 638 2570 meritb,
664 2484 793 2556 dicunt
812 2487 932 2581 Lugo,
950 2482 1068 2558 ⁴Elbel
1089 2484 1202 2565 ll.,cc.
1228 2479 1349 2555 teneri

267 2602 354 2651 cum
373 2583 503 2679 majori
527 2606 594 2653 suo
615 2581 851 2656 incommodo
876 2582 923 2655 ad
941 2584 1183 2656 monitionem
1207 2581 1348 2654 sacien-

268 2676 364 2749 dam.
383 2680 441 2751 An
457 2693 576 2752 autem
597 2678 800 2753 omittendo
820 2681 915 2755 banc
936 2683 1200 2766 monitionem,
1218 2695 1346 2753 tenea-

267 2790 330 2851 tur
354 2777 430 2873 ipse
451 2777 669 2851 restituere?
691 2780 725 2853 Si
742 2778 1015 2880 inculpabiliter
1033 2780 1192 2863 omittit,
1210 2802 1347 2851 conre-

266 2875 619 2958 niuntomnes,eum
631 2872 1349 2965 adnibilteniti.Seddrrbiumcstsicul

266 2974 438 3073 pabiliter
450 2975 609 3057 omittet,
624 3002 670 3047 an
686 2992 850 3050 teneatur
864 2977 909 3050 ad
926 2977 1214 3051 restitutionem?
1225 2975 1350 3045 Pn'ma

267 3075 446 3145 sententia
462 3071 629 3147 absolute
645 3070 818 3163 affirmet,
834 3092 871 3149 et
886 3075 982 3149 hanc
1002 3091 1130 3149 tenent
1141 3074 1230 3148 Nar.
1249 3098 1281 3146 c.
1304 3094 1346 3170 ι’]

269 3195 308 3241 ιι.
333 3196 376 3243 ιι
406 3169 491 3242 Fill.
506 3186 553 3243 tr.
574 3172 620 3245 32
640 3198 672 3245 c.
699 3170 721 3243 3
746 3198 781 3271 q.
809 3199 849 3245 ra
866 3201 902 3246 n.
917 3198 975 3273 79.
994 3177 1081 3248 item
1096 3175 1135 3247 P.
1151 3174 1241 3248 Nar.
1256 3168 1346 3245 Mol.

268 3267 370 3367 Sayr.
395 3269 490 3342 Med.
514 3275 621 3364 Arag.
649 3285 719 3353 etc,
743 3270 843 3370 apud
860 3274 952 3346 Bon.
981 3273 1027 3345 de
1049 3274 1143 3347 lieet.
1168 3271 1205 3344 d.
1231 3298 1242 3343 ι
1268 3296 1303 3364 q.
1322 3293 1346 3340 2

268 3393 306 3463 p.
331 3393 366 3438 ιι
394 3392 431 3437 ιι.
465 3370 517 3440 ι5.
545 3368 640 3460 Quia
670 3372 735 3460 (ut
753 3372 881 3465 aiunt)
896 3372 1147 3468 Corrsesseriue
1164 3396 1207 3444 ex
1227 3367 1345 3444 officio

269 3478 415 3537 tenetur
433 3468 672 3560 poenitentem
688 3466 820 3541 docere
835 3496 940 3543 suom
955 3469 1239 3565 obligationem,
1257 3468 1343 3540 aliis

268 3586 345 3634 non
362 3564 552 3648 docendo,
569 3565 645 3662 ipse
665 3580 726 3663 est·
740 3590 848 3642 causa
864 3568 1001 3642 damni.
1020 3568 1181 3641 Secunda
1194 3580 1345 3641 senten·

269 3661 343 3747 tia,
364 3688 473 3760 quam
486 3675 613 3736 tenent
624 3665 722 3736 Less.
737 3664 800 3737 l.·2
813 3689 845 3738 c.
863 3668 903 3741 13
917 3694 954 3740 n.
970 3691 1027 3766 77.
1045 3683 1080 3740 et
1114 3650 1182 3740 bet
1194 3667 1345 3741 Autoin.

270 3784 307 3859 p.
326 3760 395 3852 bril
414 3787 450 3860 q.
475 3786 515 3832 ro
533 3761 573 3833 R.
591 3763 613 3833 3
631 3779 753 3835 censet
764 3763 1033 3839 Confessarium
1049 3692 1257 3864 delegatum
1273 3773 1345 3836 no'n

269 3856 386 3931 teneri
402 3888 411 3930 ε
426 3859 542 3933 teneri
560 3858 644 3933 verb
663 3861 888 3954 Perochum,
908 3867 993 3966 quia
1014 3866 1199 3938 Parucbos
1211 3886 1253 3934 ex
1271 3860 1343 3933 offi-

268 3958 328 4030 eio
348 3957 533 4056 obligatur
549 3957 749 4059 impedire,
768 3984 816 4033 ne
842 3966 898 4036 eui
915 3962 1053 4037 subditi
1073 3963 1249 4035 domuum
1267 3958 1345 4035 aliis

208 4078 213 4085 ·
265 4055 442 4131 inferant.
465 4059 580 4134 Tertt'c
597 4054 684 4134 verb
700 4061 880 4137 sententia
897 4060 1216 4148 communissima,
1233 4064 1345 4160 quum
