<?xml version="1.0" encoding="UTF-8"?>
<!DOCTYPE html PUBLIC "-//W3C//DTD XHTML 1.0 Transitional//EN"
    "http://www.w3.org/TR/xhtml1/DTD/xhtml1-transitional.dtd">
<html xmlns="http://www.w3.org/1999/xhtml" xml:lang="en" lang="en">
 <head>
  <title>
</title>
<meta http-equiv="Content-Type" content="text/html;charset=utf-8" />
  <meta name='ocr-system' content='tesseract 3.04.00' />
  <meta name='ocr-capabilities' content='ocr_page ocr_carea ocr_par ocr_line ocrx_word'/>
</head>
<body>
  <div class='ocr_page' id='page_1' title='image "./theologiamorali05ligugoog_0408.png"; bbox 0 0 2917 4709; ppageno 0'>
   <div class='ocr_carea' id='block_1_1' title="bbox 251 201 1120 301">
    <p class='ocr_par' dir='ltr' id='par_1_1' title="bbox 251 201 1120 301">
     <span class='ocr_line' id='line_1_1' title="bbox 251 201 1120 301; baseline 0.006 -24"><span class='ocrx_word' id='word_1_1' title='bbox 251 201 318 301; x_wconf 68' lang='lat'><strong>394</strong></span> <span class='ocrx_word' id='word_1_2' title='bbox 465 212 538 281; x_wconf 87' lang='lat' dir='ltr'><strong>Lib.</strong></span> <span class='ocrx_word' id='word_1_3' title='bbox 557 212 615 283; x_wconf 74' lang='lat' dir='ltr'><strong>Vl.</strong></span> <span class='ocrx_word' id='word_1_4' title='bbox 632 216 742 282; x_wconf 86' lang='lat' dir='ltr'><strong>Traot.</strong></span> <span class='ocrx_word' id='word_1_5' title='bbox 760 212 820 284; x_wconf 74' lang='lat' dir='ltr'><strong>Vl.¹</strong></span> <span class='ocrx_word' id='word_1_6' title='bbox 837 216 887 283; x_wconf 88' lang='lat' dir='ltr'><strong>De</strong></span> <span class='ocrx_word' id='word_1_7' title='bbox 902 216 1120 283; x_wconf 83' lang='lat' dir='ltr'><strong>Matrimonio.</strong></span> 
     </span>
    </p>
   </div>
   <div class='ocr_carea' id='block_1_2' title="bbox 194 322 1338 821">
    <p class='ocr_par' dir='ltr' id='par_1_2' title="bbox 194 322 1338 821">
     <span class='ocr_line' id='line_1_2' title="bbox 255 322 1335 423; baseline 0.002 -26"><span class='ocrx_word' id='word_1_8' title='bbox 255 322 387 397; x_wconf 81' lang='lat' dir='ltr'><strong>merito</strong></span> <span class='ocrx_word' id='word_1_9' title='bbox 407 322 447 398; x_wconf 79' lang='lat' dir='ltr'><strong>bt</strong></span> <span class='ocrx_word' id='word_1_10' title='bbox 466 328 621 423; x_wconf 80' lang='lat' dir='ltr'>puberes</span> <span class='ocrx_word' id='word_1_11' title='bbox 643 324 824 398; x_wconf 81' lang='lat' dir='ltr'>habentur</span> <span class='ocrx_word' id='word_1_12' title='bbox 839 344 857 417; x_wconf 72' lang='grc' dir='ltr'><strong>ς·</strong></span> <span class='ocrx_word' id='word_1_13' title='bbox 868 341 905 400; x_wconf 90' lang='lat' dir='ltr'><strong>et</strong></span> <span class='ocrx_word' id='word_1_14' title='bbox 921 324 1008 399; x_wconf 87' lang='lat' dir='ltr'><strong>huic</strong></span> <span class='ocrx_word' id='word_1_15' title='bbox 1022 324 1208 413; x_wconf 71' lang='lat' dir='ltr'><strong>sententiar</strong></span> <span class='ocrx_word' id='word_1_16' title='bbox 1223 325 1335 399; x_wconf 79' lang='lat' dir='ltr'><strong>etilm</strong></span> 
     </span>
     <span class='ocr_line' id='line_1_3' title="bbox 254 422 1009 540; baseline 0.005 -45"><span class='ocrx_word' id='word_1_17' title='bbox 254 422 373 497; x_wconf 87' lang='lat' dir='ltr'><strong>Sancb</strong></span> <span class='ocrx_word' id='word_1_18' title='bbox 406 426 429 496; x_wconf 90' lang='grc' dir='ltr'><strong>Ι.</strong></span> <span class='ocrx_word' id='word_1_19' title='bbox 445 449 478 498; x_wconf 88' lang='lat' dir='ltr'><strong>c.</strong></span> <span class='ocrx_word' id='word_1_20' title='bbox 497 451 534 500; x_wconf 87' lang='lat' dir='ltr'><strong>n.</strong></span> <span class='ocrx_word' id='word_1_21' title='bbox 555 427 610 521; x_wconf 80' lang='lat'><strong>24.</strong></span> <span class='ocrx_word' id='word_1_22' title='bbox 626 448 712 499; x_wconf 89' lang='lat' dir='ltr'><strong>cum</strong></span> <span class='ocrx_word' id='word_1_23' title='bbox 730 424 818 497; x_wconf 87' lang='lat' dir='ltr'><strong>Cov.</strong></span> <span class='ocrx_word' id='word_1_24' title='bbox 831 428 922 540; x_wconf 88' lang='lat' dir='ltr'><strong>Lop.</strong></span> <span class='ocrx_word' id='word_1_25' title='bbox 940 442 1009 499; x_wconf 88' lang='lat' dir='ltr'><strong>etc.</strong></span> 
     </span>
     <span class='ocr_line' id='line_1_4' title="bbox 310 519 1338 621; baseline 0.001 -26"><span class='ocrx_word' id='word_1_26' title='bbox 310 557 326 585; x_wconf 64' lang='grc' dir='ltr'><strong>«ι</strong></span> <span class='ocrx_word' id='word_1_27' title='bbox 351 519 415 596; x_wconf 90' lang='lat' dir='ltr'><strong>Ill.</strong></span> <span class='ocrx_word' id='word_1_28' title='bbox 440 526 476 595; x_wconf 81' lang='lat' dir='ltr'><strong>si</strong></span> <span class='ocrx_word' id='word_1_29' title='bbox 499 525 730 621; x_wconf 80' lang='lat' dir='ltr'><strong>superveniat</strong></span> <span class='ocrx_word' id='word_1_30' title='bbox 756 522 1047 619; x_wconf 75' lang='lat' dir='ltr'><strong>Inpedimentum</strong></span> <span class='ocrx_word' id='word_1_31' title='bbox 1066 523 1233 597; x_wconf 77' lang='lat' dir='ltr'><strong>dirimens</strong></span> <span class='ocrx_word' id='word_1_32' title='bbox 1251 523 1338 596; x_wconf 87' lang='lat' dir='ltr'><strong>Ma·</strong></span> 
     </span>
     <span class='ocr_line' id='line_1_5' title="bbox 254 622 933 721; baseline 0.003 -28"><span class='ocrx_word' id='word_1_33' title='bbox 254 650 271 686; x_wconf 75' lang='lat' dir='ltr'><strong>o</strong></span> <span class='ocrx_word' id='word_1_34' title='bbox 304 623 520 694; x_wconf 91' lang='lat' dir='ltr'><strong>trimoninm</strong></span> <span class='ocrx_word' id='word_1_35' title='bbox 535 647 544 711; x_wconf 91' lang='lat'>;</span> <span class='ocrx_word' id='word_1_36' title='bbox 561 624 696 697; x_wconf 86' lang='lat' dir='ltr'><strong>Bonae.</strong></span> <span class='ocrx_word' id='word_1_37' title='bbox 711 649 747 721; x_wconf 92' lang='lat' dir='ltr'><strong>p.</strong></span> <span class='ocrx_word' id='word_1_38' title='bbox 764 626 787 696; x_wconf 86' lang='grc'><strong>8</strong></span> <span class='ocrx_word' id='word_1_39' title='bbox 806 648 840 694; x_wconf 87' lang='grc' dir='ltr'><strong>ιι.</strong></span> <span class='ocrx_word' id='word_1_40' title='bbox 863 622 895 695; x_wconf 87' lang='grc'><strong>5.</strong></span> <span class='ocrx_word' id='word_1_41' title='bbox 914 653 933 690; x_wconf 71' lang='grc' dir='ltr'><strong>ι)</strong></span> 
     </span>
     <span class='ocr_line' id='line_1_6' title="bbox 194 709 1336 821; baseline -0.002 -28"><span class='ocrx_word' id='word_1_42' title='bbox 194 709 244 780; x_wconf 74' lang='lat'><strong>⁸⁵⁷</strong></span> <span class='ocrx_word' id='word_1_43' title='bbox 303 719 428 793; x_wconf 87' lang='lat' dir='ltr'><strong>Dubit.</strong></span> <span class='ocrx_word' id='word_1_44' title='bbox 452 724 546 793; x_wconf 57' lang='lat' dir='ltr'><strong>toln</strong></span> <span class='ocrx_word' id='word_1_45' title='bbox 562 747 626 821; x_wconf 83' lang='lat' dir='ltr'><strong>per</strong></span> <span class='ocrx_word' id='word_1_46' title='bbox 639 717 942 819; x_wconf 69' lang='lat' dir='ltr'><strong>impedimentum</strong></span> <span class='ocrx_word' id='word_1_47' title='bbox 956 720 1215 819; x_wconf 83' lang='lat' dir='ltr'><strong>superveniens</strong></span> <span class='ocrx_word' id='word_1_48' title='bbox 1225 742 1336 818; x_wconf 83' lang='lat' dir='ltr'><strong>spon·</strong></span> 
     </span>
    </p>
   </div>
   <div class='ocr_carea' id='block_1_3' title="bbox 193 814 1339 4171">
    <p class='ocr_par' dir='ltr' id='par_1_3' title="bbox 193 814 1339 4171">
     <span class='ocr_line' id='line_1_7' title="bbox 252 814 1338 917; baseline -0.002 -25"><span class='ocrx_word' id='word_1_49' title='bbox 252 814 1338 917; x_wconf 71' lang='lat' dir='ltr'><strong>saliadissolvantur?lliodistinguendum;Siimbedimen·</strong></span> 
     </span>
     <span class='ocr_line' id='line_1_8' title="bbox 251 912 1339 1015; baseline -0.001 -27"><span class='ocrx_word' id='word_1_50' title='bbox 251 932 328 989; x_wconf 89' lang='lat' dir='ltr'><strong>tum</strong></span> <span class='ocrx_word' id='word_1_51' title='bbox 340 918 384 989; x_wconf 86' lang='lat' dir='ltr'><strong>sit</strong></span> <span class='ocrx_word' id='word_1_52' title='bbox 394 918 610 1015; x_wconf 82' lang='lat' dir='ltr'><strong>impediens,</strong></span> <span class='ocrx_word' id='word_1_53' title='bbox 623 916 924 995; x_wconf 78' lang='lat' dir='ltr'><strong>communissimb·</strong></span> <span class='ocrx_word' id='word_1_54' title='bbox 936 931 973 989; x_wconf 89' lang='lat' dir='ltr'><strong>et</strong></span> <span class='ocrx_word' id='word_1_55' title='bbox 985 912 1212 1015; x_wconf 79' lang='lat' dir='ltr'><strong>piobabiltiis</strong></span> <span class='ocrx_word' id='word_1_56' title='bbox 1226 917 1339 995; x_wconf 59' lang='lat' dir='ltr'><strong>Sanc.</strong></span> 
     </span>
     <span class='ocr_line' id='line_1_9' title="bbox 251 1009 1335 1114; baseline -0.001 -27"><span class='ocrx_word' id='word_1_57' title='bbox 251 1009 280 1087; x_wconf 91' lang='lat' dir='ltr'><strong>l.</strong></span> <span class='ocrx_word' id='word_1_58' title='bbox 304 1042 316 1088; x_wconf 88' lang='lat'>1</span> <span class='ocrx_word' id='word_1_59' title='bbox 335 1014 378 1087; x_wconf 73' lang='grc' dir='ltr'><strong>Ι).</strong></span> <span class='ocrx_word' id='word_1_60' title='bbox 394 1016 441 1089; x_wconf 90' lang='lat'><strong>56</strong></span> <span class='ocrx_word' id='word_1_61' title='bbox 462 1044 496 1090; x_wconf 89' lang='lat' dir='ltr'><strong>n.</strong></span> <span class='ocrx_word' id='word_1_62' title='bbox 516 1016 550 1090; x_wconf 88' lang='lat'><strong>3.</strong></span> <span class='ocrx_word' id='word_1_63' title='bbox 570 1014 643 1089; x_wconf 76' lang='lat' dir='ltr'><strong>rat.</strong></span> <span class='ocrx_word' id='word_1_64' title='bbox 663 1044 698 1114; x_wconf 88' lang='lat' dir='ltr'><strong>p.</strong></span> <span class='ocrx_word' id='word_1_65' title='bbox 720 1016 818 1092; x_wconf 80' lang='lat'><strong>2611.</strong></span> <span class='ocrx_word' id='word_1_66' title='bbox 844 1015 921 1089; x_wconf 72' lang='lat'><strong>185.</strong></span> <span class='ocrx_word' id='word_1_67' title='bbox 940 1016 1074 1089; x_wconf 87' lang='lat' dir='ltr'><strong>Escob.</strong></span> <span class='ocrx_word' id='word_1_68' title='bbox 1097 1044 1134 1088; x_wconf 91' lang='lat' dir='ltr'><strong>n.</strong></span> <span class='ocrx_word' id='word_1_69' title='bbox 1165 1014 1229 1093; x_wconf 75' lang='lat'><strong>185</strong></span> <span class='ocrx_word' id='word_1_70' title='bbox 1246 1038 1335 1088; x_wconf 84' lang='lat' dir='ltr'><strong>cum</strong></span> 
     </span>
     <span class='ocr_line' id='line_1_10' title="bbox 250 1108 1333 1214; baseline -0.002 -27"><span class='ocrx_word' id='word_1_71' title='bbox 250 1108 382 1187; x_wconf 88' lang='lat' dir='ltr'><strong>Palud.</strong></span> <span class='ocrx_word' id='word_1_72' title='bbox 406 1117 544 1188; x_wconf 84' lang='lat' dir='ltr'><strong>Bonae.¹</strong></span> <span class='ocrx_word' id='word_1_73' title='bbox 566 1112 600 1211; x_wconf 60' lang='lat' dir='ltr'><strong>p‘.</strong></span> <span class='ocrx_word' id='word_1_74' title='bbox 619 1136 638 1212; x_wconf 79' lang='lat'>7</span> <span class='ocrx_word' id='word_1_75' title='bbox 658 1140 694 1187; x_wconf 91' lang='grc' dir='ltr'><strong>ιι.</strong></span> <span class='ocrx_word' id='word_1_76' title='bbox 714 1120 748 1189; x_wconf 76' lang='lat'><strong>3:</strong></span> <span class='ocrx_word' id='word_1_77' title='bbox 769 1128 852 1187; x_wconf 81' lang='lat' dir='ltr'><strong>enm</strong></span> <span class='ocrx_word' id='word_1_78' title='bbox 875 1116 959 1214; x_wconf 74' lang='lat' dir='ltr'><strong>Bag.</strong></span> <span class='ocrx_word' id='word_1_79' title='bbox 987 1131 1022 1193; x_wconf 89' lang='lat' dir='ltr'><strong>et</strong></span> <span class='ocrx_word' id='word_1_80' title='bbox 1045 1114 1219 1189; x_wconf 80' lang='lat' dir='ltr'><strong>Salmant.</strong></span> <span class='ocrx_word' id='word_1_81' title='bbox 1245 1139 1333 1185; x_wconf 88' lang='lat' dir='ltr'><strong>eum</strong></span> 
     </span>
     <span class='ocr_line' id='line_1_11' title="bbox 253 1210 1334 1313; baseline -0.001 -28"><span class='ocrx_word' id='word_1_82' title='bbox 253 1210 348 1285; x_wconf 87' lang='lat' dir='ltr'><strong>Con.</strong></span> <span class='ocrx_word' id='word_1_83' title='bbox 364 1228 488 1287; x_wconf 79' lang='lat' dir='ltr'><strong>contra</strong></span> <span class='ocrx_word' id='word_1_84' title='bbox 506 1215 654 1296; x_wconf 76' lang='lat' dir='ltr'><strong>sotum,</strong></span> <span class='ocrx_word' id='word_1_85' title='bbox 674 1218 826 1297; x_wconf 81' lang='lat' dir='ltr'><strong>Aversa,</strong></span> <span class='ocrx_word' id='word_1_86' title='bbox 844 1224 880 1286; x_wconf 87' lang='lat' dir='ltr'><strong>et</strong></span> <span class='ocrx_word' id='word_1_87' title='bbox 893 1213 981 1285; x_wconf 82' lang='lat' dir='ltr'><strong>Led.</strong></span> <span class='ocrx_word' id='word_1_88' title='bbox 994 1228 1128 1311; x_wconf 83' lang='lat' dir='ltr'><strong>negant</strong></span> <span class='ocrx_word' id='word_1_89' title='bbox 1148 1211 1334 1313; x_wconf 84' lang='lat' dir='ltr'><strong>sponsalia</strong></span> 
     </span>
     <span class='ocr_line' id='line_1_12' title="bbox 254 1308 1333 1412; baseline 0.001 -31"><span class='ocrx_word' id='word_1_90' title='bbox 254 1308 404 1390; x_wconf 82' lang='lat' dir='ltr'><strong>dissolvi</strong></span> <span class='ocrx_word' id='word_1_91' title='bbox 423 1314 521 1394; x_wconf 85' lang='lat' dir='ltr'><strong>‚nisi</strong></span> <span class='ocrx_word' id='word_1_92' title='bbox 543 1312 590 1382; x_wconf 88' lang='lat' dir='ltr'><strong>im</strong></span> <span class='ocrx_word' id='word_1_93' title='bbox 597 1310 849 1411; x_wconf 80' lang='lat' dir='ltr'><strong>pedimebtum</strong></span> <span class='ocrx_word' id='word_1_94' title='bbox 870 1313 1058 1412; x_wconf 72' lang='lat' dir='ltr'><strong>proveniat</strong></span> <span class='ocrx_word' id='word_1_95' title='bbox 1074 1328 1118 1384; x_wconf 78' lang='lat' dir='ltr'><strong>ert</strong></span> <span class='ocrx_word' id='word_1_96' title='bbox 1136 1325 1215 1383; x_wconf 86' lang='lat' dir='ltr'><strong>voto</strong></span> <span class='ocrx_word' id='word_1_97' title='bbox 1232 1310 1333 1382; x_wconf 81' lang='lat' dir='ltr'><strong>Reti-</strong></span> 
     </span>
     <span class='ocr_line' id='line_1_13' title="bbox 277 1406 1333 1509; baseline 0.001 -29"><span class='ocrx_word' id='word_1_98' title='bbox 277 1410 369 1480; x_wconf 62' lang='lat' dir='ltr'><strong>ionis</strong></span> <span class='ocrx_word' id='word_1_99' title='bbox 387 1465 396 1493; x_wconf 88' lang='lat'>‚</span> <span class='ocrx_word' id='word_1_100' title='bbox 417 1423 453 1482; x_wconf 88' lang='lat' dir='ltr'><strong>et</strong></span> <span class='ocrx_word' id='word_1_101' title='bbox 474 1409 579 1501; x_wconf 73' lang='lat' dir='ltr'><strong>valle</strong></span> <span class='ocrx_word' id='word_1_102' title='bbox 596 1409 850 1507; x_wconf 74' lang='lat' dir='ltr'><strong>probabiliter·</strong></span> <span class='ocrx_word' id='word_1_103' title='bbox 869 1415 976 1485; x_wconf 74' lang='lat' dir='ltr'><strong>&#39;etiam</strong></span> <span class='ocrx_word' id='word_1_104' title='bbox 1004 1406 1203 1487; x_wconf 77' lang='lat' dir='ltr'><strong>castitatis.</strong></span> <span class='ocrx_word' id='word_1_105' title='bbox 1232 1410 1333 1509; x_wconf 63' lang='lat' dir='ltr'><strong>juxta</strong></span> 
     </span>
     <span class='ocr_line' id='line_1_14' title="bbox 253 1434 1332 1611; baseline 0.002 -34"><span class='ocrx_word' id='word_1_106' title='bbox 253 1434 407 1580; x_wconf 76' lang='lat' dir='ltr'><strong>dicenda</strong></span> <span class='ocrx_word' id='word_1_107' title='bbox 425 1532 461 1577; x_wconf 90' lang='lat' dir='ltr'><strong>n.</strong></span> <span class='ocrx_word' id='word_1_108' title='bbox 479 1506 559 1604; x_wconf 75' lang='lat'><strong>873.</strong></span> <span class='ocrx_word' id='word_1_109' title='bbox 578 1507 670 1579; x_wconf 84' lang='lat' dir='ltr'><strong>Dnb.</strong></span> <span class='ocrx_word' id='word_1_110' title='bbox 697 1538 724 1581; x_wconf 93' lang='grc' dir='ltr'><strong>ι.</strong></span> <span class='ocrx_word' id='word_1_111' title='bbox 741 1510 862 1592; x_wconf 78' lang='lat' dir='ltr'><strong>Ratio,</strong></span> <span class='ocrx_word' id='word_1_112' title='bbox 881 1513 965 1611; x_wconf 88' lang='lat' dir='ltr'><strong>quia</strong></span> <span class='ocrx_word' id='word_1_113' title='bbox 984 1506 1332 1607; x_wconf 84' lang='lat' dir='ltr'><strong>aliajmpedimenta</strong></span> 
     </span>
     <span class='ocr_line' id='line_1_15' title="bbox 252 1602 1333 1709; baseline 0 -33"><span class='ocrx_word' id='word_1_114' title='bbox 252 1602 365 1677; x_wconf 74' lang='lat' dir='ltr'><strong>hodie</strong></span> <span class='ocrx_word' id='word_1_115' title='bbox 384 1610 613 1702; x_wconf 69' lang='lat' dir='ltr'><strong>non&#39;eigent‚</strong></span> <span class='ocrx_word' id='word_1_116' title='bbox 629 1633 696 1682; x_wconf 89' lang='lat' dir='ltr'><strong>nee</strong></span> <span class='ocrx_word' id='word_1_117' title='bbox 716 1604 880 1706; x_wconf 79' lang='lat' dir='ltr'><strong>iodig’ent</strong></span> <span class='ocrx_word' id='word_1_118' title='bbox 898 1605 1233 1709; x_wconf 55' lang='lat' dir='ltr'><strong>dispensationes&amp;</strong></span> <span class='ocrx_word' id='word_1_119' title='bbox 1246 1602 1333 1676; x_wconf 83' lang='lat' dir='ltr'><strong>verb</strong></span> 
     </span>
     <span class='ocr_line' id='line_1_16' title="bbox 252 1703 1332 1803; baseline 0 -28"><span class='ocrx_word' id='word_1_120' title='bbox 252 1703 559 1801; x_wconf 80' lang='lat' dir='ltr'><strong>impedimentum</strong></span> <span class='ocrx_word' id='word_1_121' title='bbox 578 1704 625 1779; x_wconf 88' lang='lat' dir='ltr'><strong>sit</strong></span> <span class='ocrx_word' id='word_1_122' title='bbox 636 1706 816 1779; x_wconf 82' lang='lat' dir='ltr'><strong>‘dirimens</strong></span> <span class='ocrx_word' id='word_1_123' title='bbox 833 1763 840 1789; x_wconf 86' lang='lat'>‚</span> <span class='ocrx_word' id='word_1_124' title='bbox 859 1723 999 1791; x_wconf 82' lang='lat' dir='ltr'><strong>certum</strong></span> <span class='ocrx_word' id='word_1_125' title='bbox 1018 1720 1071 1781; x_wconf 86' lang='lat' dir='ltr'><strong>est</strong></span> <span class='ocrx_word' id='word_1_126' title='bbox 1089 1704 1185 1803; x_wconf 87' lang='lat' dir='ltr'><strong>&#39;apud</strong></span> <span class='ocrx_word' id='word_1_127' title='bbox 1205 1728 1332 1775; x_wconf 78' lang='lat' dir='ltr'><strong>omnes</strong></span> 
     </span>
     <span class='ocr_line' id='line_1_17' title="bbox 250 1798 1331 1904; baseline -0.001 -31"><span class='ocrx_word' id='word_1_128' title='bbox 250 1800 354 1885; x_wconf 77' lang='lat' dir='ltr'><strong>(vide</strong></span> <span class='ocrx_word' id='word_1_129' title='bbox 373 1803 482 1875; x_wconf 90' lang='lat' dir='ltr'><strong>Salm.</strong></span> <span class='ocrx_word' id='word_1_130' title='bbox 503 1816 575 1887; x_wconf 52' lang='lat' dir='ltr'><strong>d.)</strong></span> <span class='ocrx_word' id='word_1_131' title='bbox 593 1830 630 1881; x_wconf 88' lang='lat' dir='ltr'><strong>n.</strong></span> <span class='ocrx_word' id='word_1_132' title='bbox 649 1807 731 1900; x_wconf 84' lang='lat'><strong>70.)</strong></span> <span class='ocrx_word' id='word_1_133' title='bbox 754 1803 904 1878; x_wconf 85' lang='lat' dir='ltr'><strong>dissolvi</strong></span> <span class='ocrx_word' id='word_1_134' title='bbox 920 1831 962 1878; x_wconf 84' lang='lat' dir='ltr'><strong>ex</strong></span> <span class='ocrx_word' id='word_1_135' title='bbox 979 1817 1081 1904; x_wconf 87' lang='lat' dir='ltr'><strong>parte</strong></span> <span class='ocrx_word' id='word_1_136' title='bbox 1101 1798 1331 1891; x_wconf 84' lang='lat' dir='ltr'><strong>innocentis,</strong></span> 
     </span>
     <span class='ocr_line' id='line_1_18' title="bbox 250 1896 1332 2003; baseline 0.003 -31"><span class='ocrx_word' id='word_1_137' title='bbox 250 1898 299 1972; x_wconf 73' lang='lat' dir='ltr'><strong>ita</strong></span> <span class='ocrx_word' id='word_1_138' title='bbox 325 1915 362 1973; x_wconf 92' lang='lat' dir='ltr'><strong>ut</strong></span> <span class='ocrx_word' id='word_1_139' title='bbox 392 1903 458 1976; x_wconf 78' lang='lat' dir='ltr'><strong>iste</strong></span> <span class='ocrx_word' id='word_1_140' title='bbox 489 1926 571 2003; x_wconf 83' lang='lat' dir='ltr'><strong>non·</strong></span> <span class='ocrx_word' id='word_1_141' title='bbox 594 1916 758 1975; x_wconf 85' lang='lat' dir='ltr'><strong>teneatur</strong></span> <span class='ocrx_word' id='word_1_142' title='bbox 787 1900 977 1977; x_wconf 70' lang='lat' dir='ltr'><strong>admittere</strong></span> <span class='ocrx_word' id='word_1_143' title='bbox 1007 1896 1332 2002; x_wconf 78' lang='lat' dir='ltr'><strong>dispensationem.</strong></span> 
     </span>
     <span class='ocr_line' id='line_1_19' title="bbox 250 1997 1336 2097; baseline -0.003 -26"><span class='ocrx_word' id='word_1_144' title='bbox 250 1998 389 2073; x_wconf 88' lang='lat' dir='ltr'><strong>Sufficit</strong></span> <span class='ocrx_word' id='word_1_145' title='bbox 427 2016 548 2072; x_wconf 88' lang='lat' dir='ltr'><strong>autem</strong></span> <span class='ocrx_word' id='word_1_146' title='bbox 592 2002 637 2072; x_wconf 90' lang='lat' dir='ltr'><strong>ad</strong></span> <span class='ocrx_word' id='word_1_147' title='bbox 679 2001 854 2075; x_wconf 89' lang='lat' dir='ltr'><strong>solvenda</strong></span> <span class='ocrx_word' id='word_1_148' title='bbox 901 2000 1085 2097; x_wconf 79' lang='lat' dir='ltr'><strong>sponsalia</strong></span> <span class='ocrx_word' id='word_1_149' title='bbox 1122 1998 1198 2097; x_wconf 84' lang='lat' dir='ltr'><strong>sola</strong></span> <span class='ocrx_word' id='word_1_150' title='bbox 1235 1997 1336 2085; x_wconf 72' lang='lat' dir='ltr'><strong>lama</strong></span> 
     </span>
     <span class='ocr_line' id='line_1_20' title="bbox 252 2094 1333 2200; baseline -0.002 -29"><span class='ocrx_word' id='word_1_151' title='bbox 252 2094 468 2188; x_wconf 83' lang='lat' dir='ltr'><strong>huiusmodi</strong></span> <span class='ocrx_word' id='word_1_152' title='bbox 489 2097 760 2200; x_wconf 81' lang='lat' dir='ltr'><strong>impedimenti,</strong></span> <span class='ocrx_word' id='word_1_153' title='bbox 780 2115 820 2172; x_wconf 88' lang='lat' dir='ltr'><strong>ut</strong></span> <span class='ocrx_word' id='word_1_154' title='bbox 841 2099 936 2174; x_wconf 71' lang='lat' dir='ltr'><strong>bene</strong></span> <span class='ocrx_word' id='word_1_155' title='bbox 952 2094 1104 2172; x_wconf 80' lang='lat' dir='ltr'><strong>advertit</strong></span> <span class='ocrx_word' id='word_1_156' title='bbox 1118 2094 1211 2170; x_wconf 84' lang='lat' dir='ltr'><strong>Viva</strong></span> <span class='ocrx_word' id='word_1_157' title='bbox 1227 2122 1290 2196; x_wconf 88' lang='lat' dir='ltr'><strong>qu.</strong></span> <span class='ocrx_word' id='word_1_158' title='bbox 1311 2123 1333 2169; x_wconf 81' lang='lat'>2</span> 
     </span>
     <span class='ocr_line' id='line_1_21' title="bbox 252 2198 1331 2297; baseline 0.003 -30"><span class='ocrx_word' id='word_1_159' title='bbox 252 2200 763 2294; x_wconf 63' lang='lat' dir='ltr'><strong>art.7nom.!pexc.Cum</strong></span> <span class='ocrx_word' id='word_1_160' title='bbox 790 2201 828 2269; x_wconf 89' lang='lat' dir='ltr'><strong>in</strong></span> <span class='ocrx_word' id='word_1_161' title='bbox 861 2214 923 2271; x_wconf 85' lang='lat' dir='ltr'><strong>toa</strong></span> <span class='ocrx_word' id='word_1_162' title='bbox 951 2222 992 2297; x_wconf 85' lang='lat'><strong>27</strong></span> <span class='ocrx_word' id='word_1_163' title='bbox 1023 2198 1068 2269; x_wconf 90' lang='lat' dir='ltr'><strong>de</strong></span> <span class='ocrx_word' id='word_1_164' title='bbox 1085 2199 1215 2296; x_wconf 86' lang='lat' dir='ltr'><strong>Spons.</strong></span> <span class='ocrx_word' id='word_1_165' title='bbox 1234 2211 1270 2267; x_wconf 90' lang='lat' dir='ltr'><strong>et</strong></span> <span class='ocrx_word' id='word_1_166' title='bbox 1298 2218 1331 2270; x_wconf 88' lang='lat' dir='ltr'><strong>c.</strong></span> 
     </span>
     <span class='ocr_line' id='line_1_22' title="bbox 250 2292 1334 2393; baseline -0.005 -24"><span class='ocrx_word' id='word_1_167' title='bbox 250 2293 369 2393; x_wconf 84' lang='lat' dir='ltr'><strong>Super</strong></span> <span class='ocrx_word' id='word_1_168' title='bbox 391 2320 434 2368; x_wconf 90' lang='lat' dir='ltr'><strong>eo</strong></span> <span class='ocrx_word' id='word_1_169' title='bbox 452 2320 470 2366; x_wconf 85' lang='lat'><strong>2</strong></span> <span class='ocrx_word' id='word_1_170' title='bbox 489 2295 532 2366; x_wconf 86' lang='lat' dir='ltr'><strong>do</strong></span> <span class='ocrx_word' id='word_1_171' title='bbox 547 2294 753 2391; x_wconf 71' lang='lat' dir='ltr'><strong>Consanpu.</strong></span> <span class='ocrx_word' id='word_1_172' title='bbox 776 2296 837 2368; x_wconf 88' lang='lat' dir='ltr'><strong>obi</strong></span> <span class='ocrx_word' id='word_1_173' title='bbox 858 2296 1002 2367; x_wconf 78' lang='lat' dir='ltr'><strong>:Sinon</strong></span> <span class='ocrx_word' id='word_1_174' title='bbox 1018 2310 1072 2367; x_wconf 84' lang='lat' dir='ltr'><strong>est</strong></span> <span class='ocrx_word' id='word_1_175' title='bbox 1087 2292 1334 2382; x_wconf 60' lang='lat' dir='ltr'><strong>montfistum,</strong></span> 
     </span>
     <span class='ocr_line' id='line_1_23' title="bbox 243 2392 1333 2492; baseline 0 -29"><span class='ocrx_word' id='word_1_176' title='bbox 243 2392 351 2473; x_wconf 75' lang='lat' dir='ltr'><strong>{omo</strong></span> <span class='ocrx_word' id='word_1_177' title='bbox 376 2409 492 2463; x_wconf 59' lang='lat' dir='ltr'><strong>taimen</strong></span> <span class='ocrx_word' id='word_1_178' title='bbox 511 2394 660 2465; x_wconf 78' lang='lat' dir='ltr'><strong>lorr’leoc</strong></span> <span class='ocrx_word' id='word_1_179' title='bbox 676 2393 801 2477; x_wconf 74' lang='lat' dir='ltr'><strong>babet,</strong></span> <span class='ocrx_word' id='word_1_180' title='bbox 819 2412 883 2469; x_wconf 77' lang='lat' dir='ltr'><strong>etc.</strong></span> <span class='ocrx_word' id='word_1_181' title='bbox 903 2394 960 2468; x_wconf 80' lang='lat' dir='ltr'><strong>Ad</strong></span> <span class='ocrx_word' id='word_1_182' title='bbox 982 2393 1053 2468; x_wconf 83' lang='lat' dir='ltr'><strong>boe</strong></span> <span class='ocrx_word' id='word_1_183' title='bbox 1065 2408 1187 2466; x_wconf 85' lang='lat' dir='ltr'><strong>tamen</strong></span> <span class='ocrx_word' id='word_1_184' title='bbox 1207 2392 1333 2492; x_wconf 85' lang='lat' dir='ltr'><strong>requi-</strong></span> 
     </span>
     <span class='ocr_line' id='line_1_24' title="bbox 251 2489 1335 2589; baseline 0 -25"><span class='ocrx_word' id='word_1_185' title='bbox 251 2490 345 2564; x_wconf 82' lang='lat' dir='ltr'><strong>ritur</strong></span> <span class='ocrx_word' id='word_1_186' title='bbox 358 2489 452 2564; x_wconf 81' lang='lat' dir='ltr'><strong>fama</strong></span> <span class='ocrx_word' id='word_1_187' title='bbox 467 2550 474 2575; x_wconf 90' lang='lat'><strong>,</strong></span> <span class='ocrx_word' id='word_1_188' title='bbox 489 2506 564 2564; x_wconf 84' lang='lat' dir='ltr'><strong>non</strong></span> <span class='ocrx_word' id='word_1_189' title='bbox 579 2491 846 2566; x_wconf 84' lang='lat' dir='ltr'><strong>sufficitrumor</strong></span> <span class='ocrx_word' id='word_1_190' title='bbox 860 2523 868 2564; x_wconf 90' lang='lat'>:</span> <span class='ocrx_word' id='word_1_191' title='bbox 884 2490 982 2571; x_wconf 71' lang='lat' dir='ltr'><strong>famo</strong></span> <span class='ocrx_word' id='word_1_192' title='bbox 990 2507 1056 2582; x_wconf 85' lang='lat' dir='ltr'><strong>est,</strong></span> <span class='ocrx_word' id='word_1_193' title='bbox 1073 2490 1223 2589; x_wconf 82' lang='lat' dir='ltr'><strong>quaiidb</strong></span> <span class='ocrx_word' id='word_1_194' title='bbox 1234 2490 1335 2564; x_wconf 85' lang='lat' dir='ltr'><strong>adest</strong></span> 
     </span>
     <span class='ocr_line' id='line_1_25' title="bbox 248 2589 1331 2692; baseline 0.001 -32"><span class='ocrx_word' id='word_1_195' title='bbox 248 2593 377 2688; x_wconf 83' lang='lat' dir='ltr'><strong>opinio</strong></span> <span class='ocrx_word' id='word_1_196' title='bbox 400 2590 654 2688; x_wconf 82' lang='lat' dir='ltr'><strong>impedimenti</strong></span> <span class='ocrx_word' id='word_1_197' title='bbox 681 2591 781 2692; x_wconf 89' lang='lat' dir='ltr'><strong>apud</strong></span> <span class='ocrx_word' id='word_1_198' title='bbox 798 2597 972 2691; x_wconf 79' lang='lat' dir='ltr'><strong>majorem</strong></span> <span class='ocrx_word' id='word_1_199' title='bbox 996 2609 1138 2691; x_wconf 82' lang='lat' dir='ltr'><strong>partem</strong></span> <span class='ocrx_word' id='word_1_200' title='bbox 1154 2589 1331 2680; x_wconf 75' lang='lat' dir='ltr'><strong>Vrciniae,</strong></span> 
     </span>
     <span class='ocr_line' id='line_1_26' title="bbox 250 2682 1333 2787; baseline -0.001 -27"><span class='ocrx_word' id='word_1_201' title='bbox 250 2712 370 2760; x_wconf 78' lang='lat' dir='ltr'><strong>mmor</strong></span> <span class='ocrx_word' id='word_1_202' title='bbox 384 2688 483 2787; x_wconf 85' lang='lat' dir='ltr'><strong>apud</strong></span> <span class='ocrx_word' id='word_1_203' title='bbox 507 2682 708 2779; x_wconf 73' lang='lat' dir='ltr'><strong>minorem,;</strong></span> <span class='ocrx_word' id='word_1_204' title='bbox 725 2689 855 2762; x_wconf 78' lang='lat' dir='ltr'><strong>Viva&#39;l.</strong></span> <span class='ocrx_word' id='word_1_205' title='bbox 875 2718 907 2763; x_wconf 87' lang='lat' dir='ltr'><strong>c.</strong></span> <span class='ocrx_word' id='word_1_206' title='bbox 929 2687 1000 2762; x_wconf 86' lang='lat' dir='ltr'><strong>Sed</strong></span> <span class='ocrx_word' id='word_1_207' title='bbox 1019 2688 1174 2761; x_wconf 84' lang='lat' dir='ltr'><strong>dubium</strong></span> <span class='ocrx_word' id='word_1_208' title='bbox 1190 2704 1264 2773; x_wconf 87' lang='lat' dir='ltr'><strong>est,</strong></span> <span class='ocrx_word' id='word_1_209' title='bbox 1287 2714 1333 2759; x_wconf 86' lang='lat' dir='ltr'><strong>an</strong></span> 
     </span>
     <span class='ocr_line' id='line_1_27' title="bbox 250 2768 1335 2886; baseline 0.005 -30"><span class='ocrx_word' id='word_1_210' title='bbox 250 2794 342 2857; x_wconf 88' lang='lat' dir='ltr'><strong>tune</strong></span> <span class='ocrx_word' id='word_1_211' title='bbox 372 2782 561 2884; x_wconf 82' lang='lat' dir='ltr'><strong>sponsalia</strong></span> <span class='ocrx_word' id='word_1_212' title='bbox 584 2787 773 2862; x_wconf 86' lang='lat' dir='ltr'><strong>solvantur</strong></span> <span class='ocrx_word' id='word_1_213' title='bbox 798 2768 908 2861; x_wconf 71' lang='lat' dir='ltr'><strong>eliam</strong></span> <span class='ocrx_word' id='word_1_214' title='bbox 935 2815 977 2860; x_wconf 87' lang='lat' dir='ltr'><strong>ex</strong></span> <span class='ocrx_word' id='word_1_215' title='bbox 1002 2805 1104 2886; x_wconf 86' lang='lat' dir='ltr'><strong>parte</strong></span> <span class='ocrx_word' id='word_1_216' title='bbox 1132 2789 1296 2860; x_wconf 79' lang='lat' dir='ltr'><strong>nocentis</strong></span> <span class='ocrx_word' id='word_1_217' title='bbox 1317 2786 1335 2861; x_wconf 71' lang='lat' dir='ltr'><strong>i</strong></span> 
     </span>
     <span class='ocr_line' id='line_1_28' title="bbox 242 2884 1334 2987; baseline 0 -29"><span class='ocrx_word' id='word_1_218' title='bbox 242 2884 420 2958; x_wconf 81' lang='lat' dir='ltr'><strong>·Alllrmat</strong></span> <span class='ocrx_word' id='word_1_219' title='bbox 440 2887 520 2959; x_wconf 90' lang='lat' dir='ltr'><strong>Dic.</strong></span> <span class='ocrx_word' id='word_1_220' title='bbox 538 2901 583 2958; x_wconf 90' lang='lat' dir='ltr'><strong>tr.</strong></span> <span class='ocrx_word' id='word_1_221' title='bbox 601 2913 641 2958; x_wconf 91' lang='grc' dir='ltr'><strong>ιο</strong></span> <span class='ocrx_word' id='word_1_222' title='bbox 658 2889 700 2959; x_wconf 90' lang='lat' dir='ltr'><strong>D.</strong></span> <span class='ocrx_word' id='word_1_223' title='bbox 726 2912 737 2959; x_wconf 95' lang='grc' dir='ltr'>ι</span> <span class='ocrx_word' id='word_1_224' title='bbox 760 2885 849 2959; x_wconf 90' lang='lat' dir='ltr'><strong>dub.</strong></span> <span class='ocrx_word' id='word_1_225' title='bbox 866 2887 925 2974; x_wconf 84' lang='lat'><strong>38,</strong></span> <span class='ocrx_word' id='word_1_226' title='bbox 942 2900 977 2958; x_wconf 87' lang='lat' dir='ltr'><strong>et</strong></span> <span class='ocrx_word' id='word_1_227' title='bbox 994 2884 1184 2987; x_wconf 87' lang='lat' dir='ltr'><strong>probabile</strong></span> <span class='ocrx_word' id='word_1_228' title='bbox 1202 2899 1334 2985; x_wconf 88' lang='lat' dir='ltr'><strong>putant</strong></span> 
     </span>
     <span class='ocr_line' id='line_1_29' title="bbox 250 2980 1332 3086; baseline 0.002 -31"><span class='ocrx_word' id='word_1_229' title='bbox 250 2980 361 3055; x_wconf 88' lang='lat' dir='ltr'><strong>Salm.</strong></span> <span class='ocrx_word' id='word_1_230' title='bbox 382 3010 413 3058; x_wconf 91' lang='lat' dir='ltr'><strong>c.</strong></span> <span class='ocrx_word' id='word_1_231' title='bbox 436 3010 454 3056; x_wconf 73' lang='grc' dir='ltr'>ι</span> <span class='ocrx_word' id='word_1_232' title='bbox 475 3011 509 3055; x_wconf 87' lang='lat' dir='ltr'><strong>n.</strong></span> <span class='ocrx_word' id='word_1_233' title='bbox 533 3008 589 3082; x_wconf 85' lang='lat'><strong>7⁰·</strong></span> <span class='ocrx_word' id='word_1_234' title='bbox 612 2986 720 3084; x_wconf 83' lang='lat' dir='ltr'><strong>quia,</strong></span> <span class='ocrx_word' id='word_1_235' title='bbox 744 2987 932 3086; x_wconf 79' lang='lat' dir='ltr'><strong>supposito</strong></span> <span class='ocrx_word' id='word_1_236' title='bbox 957 2985 1020 3057; x_wconf 87' lang='lat' dir='ltr'><strong>tali</strong></span> <span class='ocrx_word' id='word_1_237' title='bbox 1041 2983 1332 3085; x_wconf 86' lang='lat' dir='ltr'><strong>impedimento,</strong></span> 
     </span>
     <span class='ocr_line' id='line_1_30' title="bbox 245 3078 1335 3181; baseline 0.006 -30"><span class='ocrx_word' id='word_1_238' title='bbox 245 3086 327 3180; x_wconf 68' lang='lat' dir='ltr'><strong>jam</strong></span> <span class='ocrx_word' id='word_1_239' title='bbox 349 3082 484 3155; x_wconf 83' lang='lat' dir='ltr'><strong>lactum</strong></span> <span class='ocrx_word' id='word_1_240' title='bbox 505 3095 558 3154; x_wconf 87' lang='lat' dir='ltr'><strong>est</strong></span> <span class='ocrx_word' id='word_1_241' title='bbox 575 3078 801 3181; x_wconf 78' lang='lat' dir='ltr'><strong>impossibile</strong></span> <span class='ocrx_word' id='word_1_242' title='bbox 815 3084 1100 3157; x_wconf 80' lang='lat' dir='ltr'><strong>Matrimonium.</strong></span> <span class='ocrx_word' id='word_1_243' title='bbox 1116 3080 1169 3156; x_wconf 86' lang='lat' dir='ltr'><strong>Ne</strong></span> <span class='ocrx_word' id='word_1_244' title='bbox 1195 3096 1258 3155; x_wconf 88' lang='lat' dir='ltr'><strong>aot</strong></span> <span class='ocrx_word' id='word_1_245' title='bbox 1276 3108 1335 3157; x_wconf 82' lang='lat' dir='ltr'><strong>ve·</strong></span> 
     </span>
     <span class='ocr_line' id='line_1_31' title="bbox 250 3112 1332 3281; baseline 0.003 -29"><span class='ocrx_word' id='word_1_246' title='bbox 250 3175 294 3252; x_wconf 83' lang='lat' dir='ltr'><strong>rb</strong></span> <span class='ocrx_word' id='word_1_247' title='bbox 307 3178 542 3252; x_wconf 71' lang='lat' dir='ltr'><strong>communius</strong></span> <span class='ocrx_word' id='word_1_248' title='bbox 560 3196 596 3253; x_wconf 81' lang='lat' dir='ltr'><strong>‘et</strong></span> <span class='ocrx_word' id='word_1_249' title='bbox 615 3181 840 3281; x_wconf 75' lang='lat' dir='ltr'><strong>probabilius</strong></span> <span class='ocrx_word' id='word_1_250' title='bbox 855 3182 987 3255; x_wconf 86' lang='lat' dir='ltr'><strong>Sanch.</strong></span> <span class='ocrx_word' id='word_1_251' title='bbox 1004 3183 1029 3255; x_wconf 90' lang='grc' dir='ltr'><strong>Ι.</strong></span> <span class='ocrx_word' id='word_1_252' title='bbox 1051 3210 1061 3254; x_wconf 92' lang='grc' dir='ltr'>ι</span> <span class='ocrx_word' id='word_1_253' title='bbox 1078 3182 1124 3255; x_wconf 91' lang='lat' dir='ltr'><strong>D.</strong></span> <span class='ocrx_word' id='word_1_254' title='bbox 1145 3112 1193 3256; x_wconf 65' lang='lat' dir='ltr'><strong>bd</strong></span> <span class='ocrx_word' id='word_1_255' title='bbox 1206 3185 1243 3253; x_wconf 92' lang='lat' dir='ltr'><strong>in</strong></span> <span class='ocrx_word' id='word_1_256' title='bbox 1259 3181 1332 3255; x_wconf 83' lang='lat' dir='ltr'><strong>fine</strong></span> 
     </span>
     <span class='ocr_line' id='line_1_32' title="bbox 251 3275 1332 3380; baseline 0.004 -30"><span class='ocrx_word' id='word_1_257' title='bbox 251 3292 288 3350; x_wconf 86' lang='lat' dir='ltr'><strong>et</strong></span> <span class='ocrx_word' id='word_1_258' title='bbox 304 3275 381 3350; x_wconf 85' lang='lat' dir='ltr'><strong>Pal.</strong></span> <span class='ocrx_word' id='word_1_259' title='bbox 428 3331 437 3349; x_wconf 99' lang='lat'><strong>.</strong></span> <span class='ocrx_word' id='word_1_260' title='bbox 460 3279 551 3352; x_wconf 73' lang='lat'><strong>260.</strong></span> <span class='ocrx_word' id='word_1_261' title='bbox 571 3305 606 3351; x_wconf 82' lang='lat'><strong>2.</strong></span> <span class='ocrx_word' id='word_1_262' title='bbox 627 3283 813 3354; x_wconf 87' lang='lat' dir='ltr'><strong>eumCon.</strong></span> <span class='ocrx_word' id='word_1_263' title='bbox 828 3282 976 3353; x_wconf 87' lang='lat' dir='ltr'><strong>ethtt.</strong></span> <span class='ocrx_word' id='word_1_264' title='bbox 998 3280 1060 3380; x_wconf 91' lang='lat' dir='ltr'><strong>qni</strong></span> <span class='ocrx_word' id='word_1_265' title='bbox 1075 3278 1222 3364; x_wconf 86' lang='lat' dir='ltr'><strong>dieunt,</strong></span> <span class='ocrx_word' id='word_1_266' title='bbox 1244 3296 1332 3354; x_wconf 85' lang='lat' dir='ltr'><strong>tunc</strong></span> 
     </span>
     <span class='ocr_line' id='line_1_33' title="bbox 251 3305 1334 3475; baseline 0.006 -29"><span class='ocrx_word' id='word_1_267' title='bbox 251 3305 427 3474; x_wconf 82' lang='lat' dir='ltr'><strong>suspendi</strong></span> <span class='ocrx_word' id='word_1_268' title='bbox 460 3374 719 3472; x_wconf 77' lang='lat' dir='ltr'><strong>obligationem</strong></span> <span class='ocrx_word' id='word_1_269' title='bbox 748 3380 1004 3475; x_wconf 83' lang='lat' dir='ltr'><strong>sponsalium,</strong></span> <span class='ocrx_word' id='word_1_270' title='bbox 1036 3378 1154 3451; x_wconf 88' lang='lat' dir='ltr'><strong>donec</strong></span> <span class='ocrx_word' id='word_1_271' title='bbox 1182 3374 1334 3452; x_wconf 85' lang='lat' dir='ltr'><strong>tollatur</strong></span> 
     </span>
     <span class='ocr_line' id='line_1_34' title="bbox 250 3472 1334 3578; baseline 0.004 -32"><span class='ocrx_word' id='word_1_272' title='bbox 250 3472 560 3573; x_wconf 85' lang='lat' dir='ltr'><strong>impedimentum</strong></span> <span class='ocrx_word' id='word_1_273' title='bbox 575 3501 583 3564; x_wconf 89' lang='grc'>;</span> <span class='ocrx_word' id='word_1_274' title='bbox 607 3480 691 3578; x_wconf 89' lang='lat' dir='ltr'><strong>qnia</strong></span> <span class='ocrx_word' id='word_1_275' title='bbox 705 3503 852 3576; x_wconf 84' lang='lat' dir='ltr'><strong>aequum</strong></span> <span class='ocrx_word' id='word_1_276' title='bbox 871 3491 1034 3561; x_wconf 85' lang='lat' dir='ltr'><strong>nonest,</strong></span> <span class='ocrx_word' id='word_1_277' title='bbox 1055 3490 1094 3549; x_wconf 83' lang='lat' dir='ltr'><strong>ut</strong></span> <span class='ocrx_word' id='word_1_278' title='bbox 1111 3476 1334 3576; x_wconf 81' lang='lat' dir='ltr'><strong>delinquens</strong></span> 
     </span>
     <span class='ocr_line' id='line_1_35' title="bbox 249 3572 1335 3675; baseline 0.002 -30"><span class='ocrx_word' id='word_1_279' title='bbox 249 3573 491 3648; x_wconf 78' lang='lat' dir='ltr'><strong>commodum</strong></span> <span class='ocrx_word' id='word_1_280' title='bbox 509 3600 551 3646; x_wconf 87' lang='lat' dir='ltr'><strong>ex</strong></span> <span class='ocrx_word' id='word_1_281' title='bbox 573 3602 639 3647; x_wconf 91' lang='lat' dir='ltr'><strong>suo</strong></span> <span class='ocrx_word' id='word_1_282' title='bbox 661 3572 815 3649; x_wconf 80' lang='lat' dir='ltr'><strong>crimine</strong></span> <span class='ocrx_word' id='word_1_283' title='bbox 832 3590 1010 3675; x_wconf 85' lang='lat' dir='ltr'><strong>reportet,</strong></span> <span class='ocrx_word' id='word_1_284' title='bbox 1025 3600 1066 3649; x_wconf 81' lang='lat' dir='ltr'><strong>ex</strong></span> <span class='ocrx_word' id='word_1_285' title='bbox 1081 3603 1114 3650; x_wconf 86' lang='lat' dir='ltr'><strong>c.</strong></span> <span class='ocrx_word' id='word_1_286' title='bbox 1129 3576 1176 3649; x_wconf 88' lang='lat' dir='ltr'><strong>de</strong></span> <span class='ocrx_word' id='word_1_287' title='bbox 1192 3576 1335 3649; x_wconf 77' lang='lat' dir='ltr'><strong>Trans·</strong></span> 
     </span>
     <span class='ocr_line' id='line_1_36' title="bbox 248 3664 1049 3746; baseline -0.002 -2"><span class='ocrx_word' id='word_1_288' title='bbox 248 3664 315 3744; x_wconf 80' lang='lat' dir='ltr'><strong>lat.</strong></span> <span class='ocrx_word' id='word_1_289' title='bbox 334 3673 477 3746; x_wconf 80' lang='lat' dir='ltr'><strong>Praelat.</strong></span> <span class='ocrx_word' id='word_1_290' title='bbox 496 3671 567 3744; x_wconf 85' lang='lat' dir='ltr'><strong>Sed</strong></span> <span class='ocrx_word' id='word_1_291' title='bbox 653 3672 656 3679; x_wconf 78' lang='grc'>’</span> <span class='ocrx_word' id='word_1_292' title='bbox 1044 3672 1049 3681; x_wconf 89' lang='grc'>’</span> 
     </span>
     <span class='ocr_line' id='line_1_37' title="bbox 193 3768 1337 3873; baseline 0.004 -30"><span class='ocrx_word' id='word_1_293' title='bbox 193 3790 244 3850; x_wconf 76' lang='lat' dir='ltr'><strong>aaa</strong></span> <span class='ocrx_word' id='word_1_294' title='bbox 302 3768 429 3843; x_wconf 76' lang='lat' dir='ltr'><strong>Dubis.</strong></span> <span class='ocrx_word' id='word_1_295' title='bbox 448 3797 478 3843; x_wconf 72' lang='grc' dir='ltr'><strong>ι.</strong></span> <span class='ocrx_word' id='word_1_296' title='bbox 494 3772 565 3856; x_wconf 81' lang='lat' dir='ltr'><strong>An,</strong></span> <span class='ocrx_word' id='word_1_297' title='bbox 579 3770 642 3870; x_wconf 85' lang='lat' dir='ltr'><strong>qni</strong></span> <span class='ocrx_word' id='word_1_298' title='bbox 653 3769 958 3867; x_wconf 87' lang='lat' dir='ltr'><strong>impedimentum</strong></span> <span class='ocrx_word' id='word_1_299' title='bbox 973 3772 1153 3873; x_wconf 80' lang='lat' dir='ltr'><strong>apposuit,</strong></span> <span class='ocrx_word' id='word_1_300' title='bbox 1167 3787 1337 3848; x_wconf 88' lang='lat' dir='ltr'><strong>teneatur</strong></span> 
     </span>
     <span class='ocr_line' id='line_1_38' title="bbox 251 3856 1335 3972; baseline 0.004 -30"><span class='ocrx_word' id='word_1_301' title='bbox 251 3856 561 3967; x_wconf 83' lang='lat' dir='ltr'><strong>dispensationem</strong></span> <span class='ocrx_word' id='word_1_302' title='bbox 580 3868 764 3955; x_wconf 81' lang='lat' dir='ltr'><strong>obtinere,</strong></span> <span class='ocrx_word' id='word_1_303' title='bbox 779 3868 835 3941; x_wconf 83' lang='lat' dir='ltr'><strong>vel</strong></span> <span class='ocrx_word' id='word_1_304' title='bbox 858 3873 972 3969; x_wconf 82' lang='lat' dir='ltr'><strong>ipsam</strong></span> <span class='ocrx_word' id='word_1_305' title='bbox 989 3871 1148 3944; x_wconf 86' lang='lat' dir='ltr'><strong>oblatam</strong></span> <span class='ocrx_word' id='word_1_306' title='bbox 1164 3889 1335 3972; x_wconf 86' lang='lat' dir='ltr'><strong>accepta·</strong></span> 
     </span>
     <span class='ocr_line' id='line_1_39' title="bbox 251 3966 1333 4070; baseline 0.005 -28"><span class='ocrx_word' id='word_1_307' title='bbox 251 3966 317 4042; x_wconf 86' lang='lat' dir='ltr'><strong>re?</strong></span> <span class='ocrx_word' id='word_1_308' title='bbox 336 3967 432 4057; x_wconf 78' lang='lat' dir='ltr'><strong>Atii,</strong></span> <span class='ocrx_word' id='word_1_309' title='bbox 454 3981 494 4039; x_wconf 89' lang='lat' dir='ltr'><strong>nt</strong></span> <span class='ocrx_word' id='word_1_310' title='bbox 507 3966 591 4041; x_wconf 85' lang='lat' dir='ltr'><strong>Fili.</strong></span> <span class='ocrx_word' id='word_1_311' title='bbox 609 3972 700 4042; x_wconf 86' lang='lat' dir='ltr'><strong>Con.</strong></span> <span class='ocrx_word' id='word_1_312' title='bbox 719 3983 756 4041; x_wconf 90' lang='lat' dir='ltr'><strong>et</strong></span> <span class='ocrx_word' id='word_1_313' title='bbox 774 3972 906 4042; x_wconf 81' lang='lat' dir='ltr'><strong>Aversa</strong></span> <span class='ocrx_word' id='word_1_314' title='bbox 923 3996 979 4068; x_wconf 89' lang='lat' dir='ltr'><strong>ap.</strong></span> <span class='ocrx_word' id='word_1_315' title='bbox 999 3971 1110 4043; x_wconf 87' lang='lat' dir='ltr'><strong>Salm.</strong></span> <span class='ocrx_word' id='word_1_316' title='bbox 1135 3994 1166 4045; x_wconf 89' lang='lat' dir='ltr'><strong>c.</strong></span> <span class='ocrx_word' id='word_1_317' title='bbox 1185 3998 1205 4044; x_wconf 84' lang='lat'>2</span> <span class='ocrx_word' id='word_1_318' title='bbox 1222 3996 1258 4043; x_wconf 90' lang='lat' dir='ltr'><strong>o.</strong></span> <span class='ocrx_word' id='word_1_319' title='bbox 1273 3994 1333 4070; x_wconf 83' lang='lat'><strong>72.</strong></span> 
     </span>
     <span class='ocr_line' id='line_1_40' title="bbox 255 4065 1335 4171; baseline 0.003 -33"><span class='ocrx_word' id='word_1_320' title='bbox 255 4065 409 4153; x_wconf 86' lang='lat' dir='ltr'><strong>dicunt,</strong></span> <span class='ocrx_word' id='word_1_321' title='bbox 439 4092 513 4140; x_wconf 88' lang='lat' dir='ltr'><strong>non</strong></span> <span class='ocrx_word' id='word_1_322' title='bbox 544 4067 658 4142; x_wconf 70' lang='lat' dir='ltr'><strong>teneri</strong></span> <span class='ocrx_word' id='word_1_323' title='bbox 679 4071 820 4141; x_wconf 75' lang='lat' dir='ltr'><strong>etiamsi</strong></span> <span class='ocrx_word' id='word_1_324' title='bbox 844 4095 860 4140; x_wconf 88' lang='lat' dir='ltr'><strong>s</strong></span> <span class='ocrx_word' id='word_1_325' title='bbox 890 4066 1026 4141; x_wconf 84' lang='lat' dir='ltr'><strong>onsalia</strong></span> <span class='ocrx_word' id='word_1_326' title='bbox 1040 4067 1177 4144; x_wconf 85' lang='lat' dir='ltr'><strong>fuerint</strong></span> <span class='ocrx_word' id='word_1_327' title='bbox 1194 4074 1311 4171; x_wconf 82' lang='lat' dir='ltr'><strong>jurata</strong></span> <span class='ocrx_word' id='word_1_328' title='bbox 1323 4127 1335 4160; x_wconf 85' lang='lat'><em>,</em></span> 
     </span>
    </p>
   </div>
   <div class='ocr_carea' id='block_1_4' title="bbox 255 4164 1337 4269">
    <p class='ocr_par' dir='ltr' id='par_1_4' title="bbox 255 4164 1337 4269">
     <span class='ocr_line' id='line_1_41' title="bbox 255 4164 1337 4269; baseline 0.005 -29"><span class='ocrx_word' id='word_1_329' title='bbox 255 4165 329 4241; x_wconf 84' lang='lat' dir='ltr'><strong>oiai</strong></span> <span class='ocrx_word' id='word_1_330' title='bbox 343 4165 392 4242; x_wconf 85' lang='lat' dir='ltr'><strong>ad</strong></span> <span class='ocrx_word' id='word_1_331' title='bbox 407 4166 478 4241; x_wconf 84' lang='lat' dir='ltr'><strong>boo</strong></span> <span class='ocrx_word' id='word_1_332' title='bbox 494 4164 679 4269; x_wconf 79' lang='lat' dir='ltr'><strong>obligetur</strong></span> <span class='ocrx_word' id='word_1_333' title='bbox 696 4175 839 4246; x_wconf 82' lang='lat' dir='ltr'><strong>ratione</strong></span> <span class='ocrx_word' id='word_1_334' title='bbox 993 4167 1109 4265; x_wconf 78' lang='lat' dir='ltr'><strong>illati,</strong></span> <span class='ocrx_word' id='word_1_335' title='bbox 1124 4166 1258 4269; x_wconf 69' lang='lat' dir='ltr'><strong>nempe</strong></span> <span class='ocrx_word' id='word_1_336' title='bbox 1273 4167 1337 4245; x_wconf 79' lang='lat' dir='ltr'><strong>de·</strong></span> 
     </span>
    </p>
   </div>
   <div class='ocr_carea' id='block_1_5' title="bbox 0 0 1464 4709">
    <p class='ocr_par' dir='ltr' id='par_1_5' title="bbox 0 0 1464 4709">
     <span class='ocr_line' id='line_1_42' title="bbox 0 0 1464 4709; baseline 0 1"><span class='ocrx_word' id='word_1_337' title='bbox 0 0 1464 4709; x_wconf 95' lang='lat' dir='ltr'><strong> </strong></span> 
     </span>
    </p>
   </div>
  </div>
 </body>
</html>
