2917 4709
232 265 315 359 cap.
330 264 375 333 11.
390 261 478 333 θιὼ.
488 258 532 332 Ῑῐ.
543 262 593 332 De
608 261 820 335 llatrimndn
830 262 1006 335 secundnm
1020 282 1065 333 se.
1124 260 1196 337 dli

108 364 212 451 M.
222 375 353 490 Suppl.
368 375 391 450 3
410 402 446 476 q.
457 377 505 473 64
519 393 588 453 art.
605 404 626 451 2
646 377 711 453 ubi
728 406 737 447 ε
754 375 905 547 genade
920 373 1195 474 anamiim
1234 461 1243 468 ¹

108 474 228 572 αίὶᾳυα
245 498 369 573 signo,
393 477 491 574 quod
510 503 604 550 uxor
619 477 720 548 vellet
733 475 770 548 s'
787 476 804 547 ἱ
817 476 967 549 debitum
988 475 1113 561 reddi,
1128 470 1198 555 ud

106 587 250 667 propter
266 573 504 649 verecundiam
520 586 789 647 tacet...tenenn
798 574 950 647 reddere.
966 575 1001 648 E
1015 598 1193 647 converso

90 680 94 685 “
110 667 208 744 recte
222 669 312 744 dicit
330 671 435 745 Sanc.
451 697 554 745 num.
569 672 591 745 5
612 698 696 745 cnm
716 672 803 745 Soto
818 687 852 746 et
866 670 986 749 Palati.
1003 697 1047 746 ex
1060 670 1194 745 eodem

109 767 157 842 Ι).
174 766 244 840 Th.
262 770 300 840 in
318 770 388 862 41)
405 768 450 841 32
469 798 506 868 q.
522 796 582 842 un.
602 785 668 843 art.
685 764 706 844 3
721 767 770 847 ed
782 795 816 851 π,
831 796 905 845 non
922 767 1037 845 teneri
1057 762 1194 845 mnlie'·

107 888 187 938 rem
204 863 359 941 reddere
376 867 452 940 viro
465 868 565 963 ,nisi
585 868 646 941 hic
666 867 835 967 expresse
855 882 970 968 petat,
988 892 1074 941 cum
1093 867 1195 943 enim

108 988 184 1039 non
202 963 339 1064 pudeat
353 968 447 1039 viros
463 967 628 1066 expresse
641 968 784 1062 exigere
798 1022 808 1050 ,
823 965 920 1041 bene
935 982 1196 1066 possuntnxo·

107 1086 166 1133 res
186 1086 432 1162 praesumere,
457 1066 558 1164 qnod
577 1066 640 1139 viri
660 1062 827 1165 expresse
848 1089 922 1138 nnn
944 1072 1108 1163 petentet
1121 1089 1195 1137 no-

107 1156 179 1233 lint
201 1161 297 1260 ipsas
318 1161 481 1262 obligare
496 1163 543 1235 ad
561 1161 785 1262 petendum:
804 1160 882 1237 imd
894 1189 960 1260 ego
977 1162 1109 1246 sentio,
1125 1187 1195 1243 nec

107 1282 235 1356 posse,
249 1261 338 1358 qnia
355 1262 487 1360 nequit
498 1266 650 1335 maritus
669 1261 897 1360 obstringere
913 1261 1107 1336 mulierem
1121 1316 1133 1350 ,
1146 1273 1195 1345 ‚ut

105 1379 194 1430 cum
213 1372 311 1431 tanta
329 1384 394 1431 sua
411 1359 669 1434 erubescentia
689 1358 855 1433 debitum
875 1374 983 1459 petat.
1001 1357 1117 1434 llectd
1136 1373 1196 1431 ta-

106 1478 193 1529 men
213 1456 348 1554 excipit
361 1457 494 1532 sanct.
516 1457 541 1531 l.
560 1483 594 1530 e.
612 1483 699 1559 eum
718 1461 754 1531 S.
774 1461 913 1533 Anton.
934 1456 1135 1555 Nansylv.
1148 1471 1195 1533 et

110 1555 288 1637 manner,
310 1553 381 1627 nisi
408 1557 491 1630 talis
518 1554 770 1633 erubescentia
789 1555 921 1655 potins
948 1569 1196 1656 praesumatur

104 1650 336 1751 aliquando(
356 1651 458 1752 qnod
475 1655 648 1731 eaeterirm
665 1652 746 1728 rard
757 1654 892 1731 accidit
908 1656 923 1751 )
939 1678 1018 1729 ease
1033 1680 1078 1729 ex
1094 1664 1213 1750 parte.

105 1748 196 1837 riri,
214 1776 327 1850 quam
341 1750 525 1844 fieminoe3
542 1767 628 1851 puta
647 1757 677 1826 si
691 1754 758 1827 illa
774 1768 866 1827 esset
880 1751 1048 1827 maximae
1066 1766 1196 1827 aucto·

108 1847 339 1941 ritatis‚aut
357 1849 446 1923 ferae
468 1851 711 1933 coriditionis,
730 1867 769 1924 et
792 1851 849 1927 vin
870 1849 981 1924 valde
1000 1848 1196 1949 pusillani-

107 1946 176 2021 mis
197 1973 238 2022 ac
259 1949 502 2024 verecundus.
523 1947 753 2046 Regulariter
773 1963 895 2049 tamen
916 1959 930 2043 (
952 1948 1049 2022 bene
1069 1946 1196 2023 subdit

100 2044 270 2119 sancte
284 2058 295 2135 )
311 2074 387 2121 non
404 2064 550 2123 tenetur
566 2074 657 2121 uxor
677 2047 857 2133 reddere,
876 2049 947 2120 nisi
960 2047 1148 2123 evidenter
1160 2045 1195 2119 ei
1305 2134 1310 2142 ¹

108 2159 253 2218 constet
267 2143 312 2218 de
327 2146 397 2219 hac
413 2146 713 2244 pusillanimitate
728 2161 764 2217 et
782 2146 923 2245 pudore
937 2146 1070 2221 mariti.
1165 2202 1170 2213 .
1203 2236 1206 2243 7

124 2280 126 2287 ·
157 2245 279 2336 Quaer.
295 2244 419 2319 ILAn
435 2259 709 2319 uxorteneatnr
724 2238 1252 2346 aliquande-peteredebinn
1320 2285 1325 2296 -
1361 2286 1364 2293 ·

106 2353 188 2414 tom
201 2341 216 2413 i
227 2344 380 2417 Certum
393 2359 447 2416 est
463 2341 598 2442 primo,
616 2341 799 2418 ordinarie
814 2368 890 2417 non
904 2343 1020 2419 tendni
1032 2336 1196 2418 derem

109 2438 154 2511 ad
171 2440 371 2538 petendum
387 2498 399 2531 ,
417 2444 504 2541 qnia
520 2442 594 2517 hoc
609 2459 664 2515 est
677 2441 896 2515 mulieribus
912 2441 1123 2521 notabiliter
1138 2440 1197 2515 in·

108 2539 375 2613 verecundum.
393 2541 541 2613 Certum
563 2538 740 2629 secundo,
756 2537 871 2637 quod,
887 2566 973 2614 cum
986 2539 1080 2617 alter
1098 2540 1198 2614 Gen·

109 2637 173 2729 jux
192 2651 247 2707 est
270 2639 307 2707 in
322 2637 490 2734 periculo
503 2640 801 2726 incontinentiae,
815 2643 889 2710 tam
904 2637 965 2730 ‚vir
982 2643 1094 2737 qulm
1107 2646 1198 2711 dxor

108 2745 305 2807 teneantur
323 2749 463 2832 petere,
481 2735 526 2808 ad
547 2736 780 2810 liberandum
799 2735 991 2809 alteruml
1012 2732 1197 2836 perionln;

108 2831 158 2902 ita
175 2832 421 2905 communiter
437 2835 593 2907 Pontius
612 2833 639 2910 l.
662 2862 704 2908 ιο
726 2860 761 2907 c.
781 2860 815 2908 2.
841 2859 904 2906 nu.
924 2836 959 2909 3.
978 2834 1113 2911 Senclr.
1127 2830 1152 2906 l.
1169 2856 1198 2930 9

106 2928 153 3001 D.
174 2955 195 3001 2
215 2955 254 3002 n.
268 2955 295 3028 9
310 2956 395 3003 cum
410 2932 518 3015 Solo,
536 2931 625 3007 Adr.
644 2947 773 3005 etc..ac
786 2934 888 3009 Boos.
907 2956 940 3007 c.
966 2958 976 3005 ι
999 2959 1025 3006 n
1047 2955 1092 3031 ¹7·
1109 2958 1196 3005 cum

107 3026 195 3101 Fill.
226 3030 340 3101 llenr.
369 3043 438 3103 etc.
469 3029 541 3102 Sed
566 3028 722 3103 dubium
746 3032 815 3115 fit,
843 3055 889 3101 nn
913 3045 1082 3104 teneatur
1104 3054 1225 3105 uxor.

108 3139 199 3199 tunc
217 3140 339 3225 petere
358 3152 402 3199 ex
422 3126 621 3217 charitate,
641 3127 696 3201 vel
714 3155 758 3202 ex
778 3128 914 3224 justitia
931 3127 948 3201 l
963 3126 1093 3205 Ptt'mo
1109 3152 1198 3202 sen·

110 3226 248 3307 tentia,
271 3251 382 3322 quam
399 3240 526 3299 tenent
545 3227 696 3299 Pontius
714 3226 740 3300 l.
760 3253 796 3300 o.
818 3243 855 3300 et
870 3229 1028 3301 eost-n.
1043 3244 1199 3303 nucum

108 3322 200 3401 Led.
220 3323 332 3399 Henr.
352 3318 477 3407 Diana,
493 3339 529 3398 et
544 3328 585 3399 P.
603 3327 703 3411 Soto,
721 3324 823 3409 dicit,
842 3325 959 3399 teneri
975 3352 1019 3399 ex
1043 3326 1198 3421 justitia.

107 3421 234 3509 Ratio,
252 3427 337 3520 quia
350 3479 360 3509 ,
374 3449 460 3496 cum
478 3440 670 3501 teneantur
690 3427 879 3525 Coniuges
895 3449 1037 3499 serrone
1056 3423 1198 3499 bonuin

108 3518 214 3603 fidei,
230 3517 378 3618 quandd
393 3520 546 3597 alternet
559 3524 595 3597 in
613 3523 779 3623 periculo
791 3524 1070 3598 incontinentia
1081 3536 1197 3607 ,tunc

66 3699 73 3709 ‚
109 3637 186 3693 esto
202 3645 275 3691 non
301 3633 399 3715 petat
418 3619 537 3712 alter,
555 3623 631 3721 ipsa
649 3638 775 3695 tamen
799 3625 992 3699 necessitas
1016 3621 1140 3718 petit,
1158 3636 1199 3695 ut

112 3715 255 3791 bonum
271 3718 538 3794 fideiservetnr
548 3721 699 3794 vitando
713 3719 862 3794 alterius
876 3721 1197 3806 incontinentiam

111 3813 271 3914 idedque
284 3832 374 3890 tunc
394 3814 515 3915 potiirs
532 3833 585 3892 est
600 3818 758 3892 redditio
772 3874 784 3908 ,
798 3823 907 3915 quem
923 3817 1052 3919 petitio
1070 3815 1197 3895 debiti.

111 3915 360 3989 Confirmatur
382 3913 572 4013 exemplo,
591 3918 621 3990 si
643 3919 744 3990 enim
770 3914 939 3993 Medicus
968 3929 1135 3990 teneatur
1154 3938 1199 3989 ex

111 4027 304 4086 contractu
322 4013 461 4087 mederi
480 4022 637 4111 aegroto,
655 4032 803 4089 tenetur
815 4040 858 4091 ex
874 4013 1011 4114 justitia
1026 4013 1198 4089 exhibere

109 4108 144 4185 ci
168 4111 413 4203 medicinam,
436 4113 605 4213 qulmvis
624 4112 689 4190 ille
705 4139 783 4189 nnn
803 4126 916 4214 petat.
934 4115 985 4189 Et
1003 4112 1092 4191 huic
1104 4122 1198 4215 'seri-
