2917 4709
417 158 497 250 Cap.
515 158 543 226 1.
559 156 646 225 Dub.
663 157 690 226 1.
707 158 757 224 De
765 154 981 249 Sponsalrbns.
1175 155 1241 229 565

154 262 246 339 eliis
271 270 518 341 contractibus
542 325 551 354 ,
574 295 661 342 eom
683 269 753 367 ipsi
775 290 850 341 non
875 272 949 341 siut
973 292 1038 366 per
1062 291 1101 341 se
1120 265 1239 350 nolli,

159 388 236 437 neo
255 367 307 439 eia
331 369 472 440 resistat
489 372 567 467 jus,
588 366 683 442 bene
703 382 820 466 potest
844 380 983 440 metum
1006 390 1150 466 pessus,
1169 365 1239 437 nisi

155 461 257 538 velit
279 480 484 540 contractus
504 464 735 555 rescindere,
753 489 898 538 manere
917 463 1113 538 obstrictus
1127 463 1175 537 ad
1190 464 1239 535 il·

157 559 245 634 lum
270 563 550 661 exequendum
575 578 612 638 at
630 589 738 636 nemo
763 578 883 664 potest
910 562 1064 662 obligari
1087 562 1135 635 ad
1152 586 1237 635 exe·

158 659 361 757 quendum
380 678 502 735 actum
529 688 593 759 per
614 688 651 736 se
674 660 844 744 nullom,
868 676 905 735 et
929 666 990 735 cui
1008 666 1066 761 jus
1081 661 1237 745 resistit,

158 759 288 854 qualis
312 774 404 833 esset
421 760 704 835 Matrimonium
715 760 870 833 durante
890 760 955 832 tali
972 773 1072 832 metu
1089 774 1240 832 eontra·

156 853 354 944 luendum3
372 858 472 934 uode
486 859 581 935 sicbt
594 881 668 932 non
688 873 807 956 potest
819 859 950 958 aliquis
966 883 1043 931 esse
1059 855 1239 955 obligatus

155 952 211 1025 ad
239 956 312 1030 tale
332 955 632 1048 Matrimonium,
653 961 700 1032 itt
723 982 794 1030 nec
818 956 866 1029 ad
888 962 966 1053 ejus
995 955 1140 1046 media,
1165 951 1241 1029 sive

158 1051 473 1151 dispositionem,
498 1057 610 1157 proiit
634 1071 722 1130 suot
746 1053 931 1154 sponsalia
954 1080 963 1145 ;
987 1054 1240 1151 dispositiones

157 1153 268 1226 enim
282 1153 443 1227 induunt
459 1155 625 1230 eandem
642 1170 809 1228 naturam
825 1153 945 1235 actius.
960 1169 996 1225 et
1008 1152 1090 1225 ideb
1106 1153 1243 1252 ppssim

155 1251 344 1324 Doctores
360 1269 544 1338 asserunt,
565 1254 746 1352 sponsalia
768 1266 935 1326 naturam
953 1251 1177 1326 Matrimonii
1191 1274 1243 1322 se

159 1351 249 1448 qui.
269 1350 392 1440 Adde,
403 1352 504 1452 quod
524 1377 771 1426 connexorum
787 1350 884 1424 idem
898 1350 1034 1423 debeat
1050 1374 1126 1423 esse
1140 1346 1244 1448 judi-

158 1449 292 1535 cium,
323 1463 365 1522 ut
389 1449 546 1524 infertur
571 1476 613 1523 ex
639 1476 719 1548 cap.
737 1448 947 1533 Translate,
975 1447 1021 1521 de
1046 1448 1245 1520 Constitut.

156 1546 418 1647 Quapropter,
432 1549 525 1625 siolat
541 1549 813 1623 Matrimonium
827 1572 871 1620 ex
889 1562 987 1620 meto
1002 1559 1058 1620 eat
1070 1545 1214 1620 irritum
1230 1595 1243 1629 ‚

159 1642 267 1716 idem
285 1645 485 1722 dicendum
501 1647 547 1719 de
557 1645 801 1748 sponsalibus.
811 1647 868 1718 Ex
882 1646 937 1717 his
952 1644 1127 1731 insertur,
1140 1641 1242 1741 qood

160 1766 209 1815 ex
222 1742 438 1841 hujusmodi
449 1747 679 1846 sponsalibus
694 1744 845 1818 minime
857 1745 994 1817 oriatur
1005 1737 1244 1842 impedimen·

160 1854 250 1913 tum
266 1843 423 1940 publicae
439 1846 648 1919 honestatis.

217 1944 407 2034 Qooerrtur
439 1944 485 2017 Il.
512 1948 571 2017 An
595 1949 669 2016 sint
691 1940 810 2015 valida
844 1938 1026 2038 sponsalia
1057 1952 1243 2012 eontracta

161 2063 234 2138 per
253 2057 391 2114 metum
408 2040 538 2126 levem,
550 2044 612 2144 qni
632 2041 735 2115 dedit
748 2065 896 2115 causam
912 2038 1147 2112 contractui?
1161 2036 1244 2108 Pri-

161 2164 228 2208 ma
246 2141 424 2214 sententia
438 2157 564 2236 negat,
578 2155 615 2214 et
631 2141 727 2213 bane
741 2154 867 2211 tenent
881 2138 973 2211 Nav.
994 2163 1028 2209 e.
1053 2163 1099 2209 aa
1120 2164 1157 2208 n.
1179 2135 1241 2210 51.

162 2241 267 2311 Lesa.
296 2238 506 2336 e.·17dub.
531 2243 611 2314 611.
639 2238 700 2334 46.
722 2239 837 2311 Bone.
855 2264 892 2350 p.
917 2235 983 2310 132
1004 2262 1040 2335 q.
1060 2237 1083 2329 4
1100 2237 1143 2308 R.
1163 2261 1184 2305 2
1207 2248 1244 2307 et

163 2335 252 2412 Bos.
270 2362 304 2410 c.
330 2363 370 2410 ra
388 2366 424 2409 n.
448 2343 528 2415 288.
554 2366 637 2413 cum
656 2337 744 2411 Reb.
762 2337 897 2409 Comtt.
919 2333 1012 2432 Sylv.
1027 2347 1096 2407 etc.
1115 2333 1241 2419 Ratio,

165 2434 255 2535 qnia
274 2436 323 2520 is,
341 2438 405 2605 qui
424 2462 490 2550 per
512 2452 653 2509 metum
669 2435 758 2530 (etsi
777 2432 1123 2531 levem),extorquet
1148 2455 1242 2503 con-

163 2558 350 2605 sensuma
370 2550 499 2621 tenus,
518 2534 640 2608 adlrbe
658 2533 832 2634 injuriam
849 2533 882 2603 ei
897 2532 1051 2626 irrogat,
1072 2529 1170 2603 unde
1186 2531 1243 2601 in-

167 2630 300 2725 dignus
325 2644 404 2717 eat,
432 2647 474 2705 ut
500 2657 543 2705 ex
568 2659 634 2705 suo
659 2633 797 2704 malitia
814 2628 1052 2704 commodum
1068 2645 1242 2727 reportet.

166 2726 329 2800 Secunda
350 2727 435 2801 verb
450 2731 628 2803 sententia
645 2732 878 2803 communior
893 2743 931 2800 et
944 2725 1171 2826 probabilior
1185 2726 1242 2797 al·

166 2828 317 2911 firmat.
337 2840 374 2900 et
392 2827 489 2902 hanc
513 2842 639 2900 tenent
662 2830 754 2902 Bon.
781 2854 817 2927 p.
841 2852 866 2925 9
892 2852 928 2897 n.
945 2824 970 2897 6
992 2826 1099 2898 Pont.
1120 2824 1145 2895 l.
1165 2825 1187 2915 4
1208 2847 1240 2897 c.

170 2952 213 2999 ιο
231 2953 267 2999 n.
287 2925 321 2999 5.
340 2951 427 2997 eum
446 2925 612 3013 Medius,
630 2925 745 2997 Selm.
765 2951 795 2997 c.
818 2952 828 2996 t
852 2950 889 2996 n.
905 2921 965 2995 60.
985 2948 1069 2995 cnm
1087 2924 1241 3004 Aversa.

165 3025 278 3099 Croix
293 3023 319 3098 l.
339 3050 360 3122 7
378 3052 413 3124 p.
435 3025 457 3100 3
480 3051 517 3098 n.
537 3024 616 3098 tob.
633 3024 726 3096 Viro
743 3023 789 3096 de
803 3023 910 3095 Matr.
932 3047 968 3121 q.
986 3026 1008 3113 4
1025 3034 1090 3092 art.
1111 3020 1132 3094 3
1150 3046 1185 3091 n.
1204 3018 1239 3091 6.

167 3139 203 3197 et
222 3126 331 3202 naza.
351 3138 376 3194 t.
397 3126 419 3216 4
437 3149 474 3222 p.
502 3125 579 3219 rqa.
600 3124 727 3208 Ratio,
752 3124 837 3223 quia
862 3146 934 3193 nun
960 3135 1128 3194 censetur
1150 3116 1243 3191 alter

167 3248 290 3296 veram
315 3222 489 3295 in'uriam
505 3217 571 3293 tibi
590 3219 756 3295 intulisse
777 3276 785 3306 ,
804 3246 890 3293 cum
916 3217 1023 3292 facile
1068 3231 1185 3296 oteres
1200 3230 1242 3289 tu

166 3334 308 3394 metum
324 3319 350 3393 il
369 3347 431 3396 um
446 3320 642 3417 repellere3
657 3345 770 3418 quare
786 3374 795 3405 ,
814 3320 843 3390 si
860 3345 935 3390 non
950 3246 1114 3415 repulisti
1129 3371 1139 3404 ‚
1157 3340 1242 3389 een·
1291 3305 1297 3320 ’
1317 3333 1323 3342 ·

147 3419 259 3493 teris
277 3416 407 3514 sponte
426 3418 582 3492 voluisse
604 3417 715 3492 talem
733 3419 902 3516 injuriam
919 3416 1007 3516 pati.

215 3513 339 3609 Qooer.
360 3516 418 3588 111.
435 3516 512 3604 An,
527 3518 589 3615 qui
607 3521 817 3591 contraxits
847 3515 1043 3588 unsaliaer
1056 3523 1154 3584 metu
1171 3506 1243 3583 leri

166 3612 432 3688 danteeausam
447 3618 662 3702 contractui,
675 3616 792 3715 possit
803 3542 919 3688 illata
935 3609 1158 3687 conscientia
1173 3635 1245 3682 res·

165 3711 340 3787 cludere?
354 3711 476 3783 Prima
497 3717 675 3785 sententia
689 3727 813 3809 negat,
833 3729 869 3784 et
887 3712 984 3785 hanc
1008 3720 1134 3782 tenent
1150 3710 1241 3784 Pon.

164 3811 192 3884 l.
208 3815 232 3906 4
248 3835 384 3884 eron.
399 3811 473 3883 bet
493 3837 533 3883 ro
548 3812 687 3883 etVira
702 3838 738 3912 q.
756 3814 780 3905 4
796 3838 826 3882 a.
846 3811 867 3881 3
884 3835 924 3881 n.
940 3807 976 3883 6.
991 3833 1078 3881 cum
1093 3806 1241 3893 Perrez,

167 3910 264 3984 Med.
281 3923 350 3983 etc.
368 3911 419 3983 Et
431 3911 523 3982 ratio
540 3923 593 3982 est
605 3907 745 4000 eadem,
760 3931 843 4010 quae
860 3934 947 3980 mox
959 3910 1070 4004 sopri
1082 3902 1239 3978 adducta

160 4023 221 4081 est
249 4034 317 4110 pro
341 4006 504 4085 secunda
530 4008 713 4084 sententia
737 4008 776 4084 in
799 4008 938 4106 Quaest.
967 4002 1124 4106 preced.
1152 4002 1241 4082 nae
