2917 4709
225 242 289 305 412
439 238 510 304 Lib.
527 216 586 305 Vl.
605 238 713 304 Tract.
734 216 1092 306 ilt'i'lae'ttnrinonio.

226 376 294 466 per
309 346 388 422 liaeo
401 364 481 424 rota
497 334 727 423 dirimantur.
745 352 872 450 Neque
886 348 1032 422 obstare
1048 352 1308 448 ajunttextum

228 472 267 522 ιιι
287 472 320 522 c.
345 448 517 521 Veniens.
538 450 612 542 Qui
637 449 770 524 Clerici
796 449 855 522 rel
875 449 970 521 ·Vov.
996 448 1059 521 uhi
1086 472 1189 521 casus
1207 446 1307 531 sirit,

229 542 511 648 quodquoedam
526 546 659 622 mulier
670 548 851 646 sponsalia
864 549 1083 621 contraxerit
1094 570 1179 619 cum
1190 560 1305 633 certo,

230 656 338 743 cuius
355 648 490 717 saevitll
525 661 565 719 ut
578 647 949 747 narrabaturipostea
968 646 1160 731 deterrita,
1178 656 1307 716 votum

230 745 353 817 emisit
372 746 565 829 castitatis3
591 772 663 844 quo
684 746 833 837 audito,
853 753 906 817 vir
925 745 1198 821 Matrimonium
1219 766 1305 815 cum

232 842 302 917 alia
323 843 437 915 inivit.
460 844 665 916 ‘Corrsultus
691 856 812 917 autem
838 844 1046 916 Alexander
1062 844 1131 915 Ill.¹
1152 866 1308 939 respon·

233 942 290 1014 dit
315 970 324 1011 ε
352 940 595 1033 Mondonzus,
626 952 795 1040 qnatenus
818 961 832 1034 ι
852 941 986 1014 mulier
1010 966 1094 1041 quae
1117 940 1306 1014 licentiam

231 1037 398 1114 nubendi
426 1041 577 1137 petierat
596 1044 615 1155 )
637 1042 677 1112 si
685 1044 769 1135 plus
788 1040 1066 1133 inamaricant,
1083 1039 1154 1111 sibi
1172 1041 1216 1110 de
1230 1037 1309 1131 fide

232 1140 400 1227 mantua,
424 1153 460 1209 at
479 1156 555 1210 anta
573 1139 697 1225 atomio
713 1162 900 1237 congruam
918 1138 1194 1232 satisfactionem
1214 1135 1311 1206 mdi-

230 1259 293 1313 ces
308 1290 317 1323 ‚
336 1251 372 1306 et
385 1235 422 1306 ὀί
431 1238 490 1308 cai
500 1237 570 1307 rull
584 1236 739 1308 nubendi
750 1239 785 1308 in
800 1235 955 1308 D'orrrr‘rro
970 1237 1145 1310 decutiam
1161 1233 1311 1305 tribuere

189 1364 192 1369 ·
234 1358 308 1407 non
330 1349 538 1425 postponas.
554 1334 662 1410 llunc
677 1344 813 1408 textum
830 1337 1006 1409 Doctores
1023 1337 1213 1433 utriusque
1226 1356 1315 1403 sen·

166 1458 167 1461 ’
233 1429 358 1507 tentiae
384 1458 451 1531 pro
476 1458 515 1504 se
540 1433 733 1507 adducunt
751 1434 847 1519 ‚sed
873 1430 992 1506 revera
1015 1432 1078 1506 ille
1098 1442 1164 1528 pro
1186 1446 1315 1503 neutra

236 1543 339 1630 parte
358 1529 571 1605 concludit·
589 1533 766 1606 ductores
786 1532 956 1605 secundae
974 1532 1191 1615 sententia,
1218 1534 1314 1627 quos

239 1640 324 1703 mol
344 1631 614 1704 recensebimus
629 1652 671 1704 ex
691 1632 809 1704 verbis
826 1632 923 1717 illis,
940 1634 985 1704 da
1011 1648 1088 1702 roto
1108 1629 1253 1700 νίοὶαιο.
1271 1681 1304 1698 ..

237 1728 461 1801 adlabentium
479 1729 624 1801 trr‘baere
638 1786 648 1816 ,
663 1744 732 1803 etc.
753 1729 936 1814 iril'ernnt,
955 1716 1316 1828 praedictum-sutrini

236 1825 400 1900 validum
415 1826 553 1915 luisse,
571 1842 608 1901 et
621 1827 777 1928 proinde
795 1827 1068 1926 dispensatione
1084 1825 1283 1922 indiguisse
1301 1847 1314 1909 ς

237 1923 350 2025 ergo.
373 1940 415 1997 nt
433 1922 577 2015 dicunt,
602 1953 666 2026 per
688 1922 842 2026 simplex
867 1940 991 2000 votum
1016 1926 1210 2009 castitatis,
1228 1945 1317 2015 oum

238 2022 287 2098 sit
309 2021 472 2097 validum
504 2085 508 2095 .
538 2029 612 2124 jam
642 2026 825 2126 sponsalia
857 2024 1095 2099 dirimuntur.
1127 2021 1198 2096 Sed
1229 2020 1318 2091 lruic

238 2120 338 2197 recte
361 2124 586 2221 respondent
610 2124 689 2196 Pal.
707 2127 831 2222 Laym.
853 2139 889 2197 et
910 2126 1053 2198 Halani.
1078 2148 1162 2195 curn
1183 2121 1320 2193 Glossu

238 2219 289 2295 ib.
312 2220 411 2295 verb.
435 2223 524 2292 Vota
546 2222 695 2309 oraora,
714 2222 815 2321 quod
831 2220 903 2295 lroc
923 2222 1013 2296 nihil
1036 2221 1139 2294 aliud
1161 2216 1316 2320 probet,

239 2320 309 2392 nisi
324 2319 427 2418 quod
448 2332 569 2401 votum
587 2323 671 2393 satis
690 2337 785 2395 esset
803 2322 967 2396 validum
981 2335 1147 2419 respectu
1165 2319 1212 2389 ad
1229 2342 1322 2412 nup·
1376 2404 1384 2415 ⁹

240 2421 307 2491 tias
326 2443 410 2489 cnm
433 2414 504 2489 alio
521 2418 804 2497 contrahendas,
829 2446 917 2518 quas
937 2419 1071 2492 mulier
1088 2414 1320 2503 intentabat;

240 2531 278 2588 'et
295 2514 378 2588 ideo
396 2515 558 2589 Pontifex
575 2519 690 2616 ipsam
709 2517 946 2591 declaraverit
965 2544 1061 2590 ream
1080 2517 1126 2589 de
1140 2529 1225 2588 voto
1242 2514 1323 2584 vio-

167 2647 169 2651 *
243 2612 318 2688 lato
336 2639 344 2699 ;
362 2611 426 2687 sed
442 2612 594 2690 minime
615 2616 758 2714 probat,
777 2616 936 2688 validum
954 2614 1064 2689 luisse
1080 2641 1135 2688 res
1144 2628 1251 2711 pecta
1272 2608 1320 2683 ed

243 2713 361 2786 virum
380 2738 484 2795 ,cum
505 2740 579 2811 quo
597 2714 698 2815 prins
717 2715 900 2815 sponsalia
918 2728 1157 2788 contraxerat.

294 2813 453 2886 Secundo
478 2813 565 2886 reru
592 2818 773 2887 sententia
800 2813 938 2887 affimat
965 2869 976 2899 ,
1003 2828 1041 2885 et
1073 2812 1169 2886 hanc
1197 2821 1327 2883 teneat

243 2911 349 2987 Pons.
373 2910 397 2982 l.
422 2936 463 2983 ra
487 2937 518 2983 c.
545 2939 579 2986 ιι
605 2939 641 2986 ιι.
660 2916 681 2987 3
700 2928 736 2985 et
754 2940 786 2989 c.
811 2939 852 2985 ra
876 2939 913 2985 n.
938 2912 972 3003 l.
993 2914 1173 2984 Petrocor.
1194 2922 1220 2983 t.
1240 2909 1264 3002 4
1286 2934 1325 3005 p.

247 3011 318 3083 280
336 3033 366 3081 v.
386 3007 552 3081 instabit.
571 3011 675 3082 Suar.
697 3009 724 3081 l.
746 3034 765 3083 a
786 3010 831 3082 de
852 3012 950 3083 Voto
970 3036 1003 3082 c.
1028 3014 1051 3101 4
1072 3035 1110 3082 ιι.
1137 3010 1190 3082 15.
1208 3008 1322 3079 Conc.

247 3135 284 3209 p.
305 3132 374 3207 270
393 3134 431 3182 ιι.
451 3134 471 3204 7
490 3125 526 3179 et
544 3133 569 3204 9
588 3134 671 3181 curn
688 3108 816 3182 Gonet·
826 3127 863 3182 et
884 3108 972 3182 Led.
996 3106 1143 3181 Azoni.
1166 3131 1200 3180 ιι
1225 3132 1259 3180 c.
1279 3130 1319 3177 ar

249 3231 286 3305 q.
308 3233 350 3279 ro
370 3230 456 3278 cum
475 3203 576 3279 enh.
597 3214 686 3302 Ang.
706 3221 743 3280 et
756 3208 882 3304 Maior.
899 3207 1033 3281 Escob.
1051 3235 1091 3278 n.
1110 3205 1180 3278 233
1202 3218 1238 3275 et
1255 3205 1324 3299 237

248 3328 334 3377 cunr
351 3302 463 3404 Vasq.
482 3305 595 3377 Diana
614 3361 622 3389 ,
639 3321 676 3379 et
688 3305 779 3378 Bon.
803 3332 840 3400 p.
856 3307 877 3378 5
896 3332 932 3377 n.
959 3306 999 3376 13
1019 3332 1104 3378 cum
1121 3305 1198 3378 Sot.
1212 3300 1322 3375 Nald.

249 3403 350 3475 Gnrr.
373 3400 487 3476 Henr.
505 3418 539 3475 et
561 3400 672 3476 Rode.
695 3407 782 3477 item
800 3408 913 3501 Cajet.
931 3405 1041 3477 Ture.
1058 3409 1214 3501 Priapos.
1233 3403 1326 3500 Lop.

249 3500 400 3574 Veraci.
426 3500 571 3577 Manucl
589 3557 597 3584 ‚
615 3516 685 3575 etc.
705 3502 805 3603 apud
819 3503 952 3575 Sauch.
967 3501 993 3576 l.
1019 3518 1030 3577 ι
1052 3504 1085 3576 Ι)
1105 3504 1153 3594 46
1173 3526 1275 3572 num.
1293 3524 1328 3595 7.

251 3600 317 3699 qui
334 3612 436 3672 vocat
457 3599 810 3699 probabilissimam‚
834 3617 871 3676 et
888 3602 1133 3675 communiter
1154 3597 1330 3697 probahi-

250 3701 325 3773 lem
341 3708 493 3781 vocant,
511 3712 548 3772 et
566 3715 678 3772 tutam
697 3700 865 3775 sarm-c.
886 3728 908 3775 a
927 3727 964 3774 n.
988 3702 1047 3775 33.
1068 3700 1146 3772 Pal.
1162 3726 1200 3797 p.
1223 3724 1267 3769 ao
1287 3720 1328 3766 n.

253 3801 276 3875 3
294 3813 330 3872 et
348 3800 384 3875 6.
405 3796 550 3871 Cabass:
569 3796 593 3871 l.
612 3823 644 3871 c.
663 3812 700 3871 et
718 3802 843 3897 Layrr'r.
868 3826 906 3872 ιι.
925 3822 959 3899 7.
977 3802 1143 3897 Eamque
1161 3790 1329 3868 absolute

253 3895 421 3973 doceat).
446 3897 517 3971 ΤΙι.
538 3895 665 3995 suppl.
683 3922 718 3996 q.
739 3898 785 3971 53
801 3912 867 3973 art.
894 3925 906 3971 1
931 3899 977 3970 ad
999 3918 1037 3971 ιι
1048 3897 1198 3987 Propter
1215 3910 1330 3967 votum

252 3995 404 4091 simplas)
427 4010 509 4067 sunt
532 3996 714 4081 sponsalia
741 3996 946 4070 dirimendo.
972 3997 1075 4070 Ratio
1100 3996 1136 4067 S.
1162 3994 1331 4066 Doctorie

242 4102 326 4186 ’ctu
340 4097 425 4194 quit
440 4092 504 4170 nbi
515 4093 606 4171 ‘dure
622 4092 1127 4196 concurrunt.obligatioues3
1143 4095 1266 4196 potior
1279 4103 1344 4166 est
