2917 4709
275 203 359 296 Cap.
373 204 417 271 ll.
430 167 517 272 nab.
534 206 562 273 l.
579 202 629 274 De
641 162 849 275 Matrimonia
864 196 1039 271 secuudum
1052 226 1097 273 se.
1162 201 1226 293 lay

151 300 246 390 dinis
268 319 448 414 impetum
471 315 572 415 sequi
591 329 818 415 supponunt.
833 314 891 387 Ad
910 318 1085 388 rationem
1106 303 1228 387 autem

151 416 341 487 contrariae
354 417 543 488 sententiae
558 471 567 497 ‚
584 415 719 511 nempe
739 413 840 514 quod
854 416 900 485 sit
915 412 1144 486 deordinatio
1158 413 1228 487 eli·
1319 426 1321 440 '

150 515 357 609 gere'fluem
370 511 631 617 secundarium
645 536 723 611 prae
741 513 913 610 primario
928 536 938 603 ;
954 510 1229 610 Respondatur.

151 610 252 710 quod
273 610 502 685 deordinatio
527 611 677 708 quidem
699 626 818 698 esset,
838 611 868 682 si
894 609 1127 683 ordinaretur
1145 610 1230 697 linia

163 709 347 784 'rimarios
361 709 409 784 ad
424 709 695 798 secundarium,
707 708 773 781 sed
786 733 875 794 nou,
890 710 920 785 si
933 735 976 782 ex
989 708 1136 782 duobus
1151 710 1231 779 lini-

148 735 218 881 hus
235 808 346 884 licitis
367 802 607 883 secundarius
627 832 699 905 prae
717 809 892 907 primario
907 808 1079 904 eligatur,
1094 808 1230 903 Huius·

148 906 252 981 modi
266 922 389 980 tamen
403 908 491 979 fines
505 906 692 993 intrinseci
709 905 954 979 accidentales
962 904 1019 978 vel
1035 931 1230 1004 procrean-

150 1004 206 1079 dae
220 1004 350 1104 prolis,
370 1004 425 1079 vel
436 1004 595 1079 vitandae
611 1004 905 1094 incontinentiae,
921 1021 960 1077 ut
978 1004 1123 1077 honesti
1136 1003 1230 1089 sint,

146 1118 314 1204 oportet.
334 1103 595 1178 utreferantur
624 1103 671 1177 ad
695 1106 840 1190 Deum,
866 1104 895 1174 si
917 1129 990 1176 non
1018 1101 1230 1186 actualiter,

147 1201 276 1275 saltem
305 1201 538 1290 virtualiter,.
565 1217 601 1275 et
630 1192 886 1289 habitudines,
913 1217 957 1274 nt
982 1202 1232 1283 communiter

149 1301 304 1374 tradunt
319 1300 455 1374 Sanch.
473 1299 501 1373 l.
519 1302 544 1373 8
563 1302 606 1373 D.
625 1327 660 1399 9.
685 1324 710 1373 n
741 1302 778 1374 3.
797 1301 905 1372 Pont.
921 1299 953 1369 l.
981 1325 1021 1372 ιο
1041 1327 1076 1373 o.
1094 1303 1117 1374 8
1137 1326 1176 1372 n.
1195 1326 1229 1372 2.

150 1403 294 1474 etBoss.
317 1413 343 1472 t.
362 1425 383 1471 a
400 1426 430 1474 c.
448 1425 468 1499 7
488 1426 525 1473 ιι.
544 1424 598 1493 ¹7·
618 1395 1015 1495 cum·1teg.Vitl.Fitt.
1033 1411 1105 1471 eto.

199 1496 324 1570 Dabit.
348 1523 380 1570 a.
403 1499 461 1571 An
479 1498 526 1569 sit
552 1497 694 1570 licitum
721 1495 942 1579 contrahere
956 1494 1288 1570 Matrimoniumttt

149 1595 403 1693 principaliter
418 1594 464 1668 oh
481 1597 571 1668 fines
586 1595 828 1669 accidentales
841 1597 1082 1681 extrinsecos,
1098 1592 1232 1691 nempe

150 1692 199 1765 ob
219 1694 443 1794 voluptatem
458 1693 694 1793 captandam,
715 1719 844 1793 pacem
869 1693 1094 1766 familiarum
1109 1695 1233 1765 conci·

149 1788 334 1884 handum,
346 1807 383 1864 et
394 1793 528 1866 similia
540 1792 555 1864 ἓ
568 1793 692 1864 Prima
707 1791 890 1866 sententia
903 1789 1123 1881 affirmat-et
1137 1789 1233 1864 hano

149 1903 278 1967 teuent
291 1892 400 1966 Pont.
421 1892 444 1964 l.
469 1919 480 1964 ι
505 1915 538 1965 o.
562 1917 602 1965 ιι
619 1918 656 1963 ιι.
679 1891 732 1965 ι3.
752 1889 828 1963 Pal.
850 1917 885 1990 p.
912 1915 952 1962 ιο
974 1916 1007 1962 ιι.
1027 1889 1049 1961 3
1066 1902 1102 1961 et
1119 1886 1233 1963 Salm.

150 2015 184 2063 c.
208 1990 230 2062 3
254 2014 292 2062 ιι.
320 1990 366 2063 30
387 2008 474 2062 eum
499 1991 613 2088 Cajet.
636 1988 727 2062 Con.
746 2002 782 2061 et
805 1986 914 2062 Gahr.
938 2012 980 2060 ac
1004 1982 1234 2087 prohabilem

150 2100 255 2187 putat
273 2087 408 2186 Sporer
430 2114 467 2161 ιι.
486 2089 556 2202 298
572 2112 660 2162 cum
680 2086 811 2160 Tamb.
830 2085 941 2160 modi>
960 2112 1034 2160 non
1056 2084 1235 2161 excluda-

149 2186 312 2259 turtinis
342 2182 487 2279 debitus
513 2187 755 2270 intrinsecos,
781 2188 966 2283 utsupra.
996 2182 1119 2272 Ratio,
1146 2187 1236 2284 quia

148 2304 296 2384 semper
317 2310 360 2361 ac
384 2286 465 2359 finis
487 2283 855 2371 debitusretinetur,
883 2308 958 2356 non
981 2299 1036 2355 est
1059 2282 1235 2357 illicitum

148 2385 295 2481 nuptias
316 2382 362 2455 ad
377 2385 469 2457 fiaes
481 2382 731 2456 indifferentes
750 2383 945 2472 ordinare;
965 2397 1056 2456 tunc
1071 2384 1169 2455 enim
1187 2381 1235 2454 li·

149 2483 206 2553 nis
225 2486 285 2574 (v.
302 2506 334 2578 g.
350 2481 545 2579 voluptatis
565 2487 669 2573 )non
686 2494 740 2555 ost
758 2478 991 2579 principalis,
1008 2479 1073 2553 sed
1092 2480 1235 2553 tauthm

148 2576 345 2674 impellens
364 2579 410 2651 ad
430 2579 724 2653 contrahendum
751 2579 1048 2674 Matrimonium,
1071 2604 1146 2680 quo
1163 2583 1235 2676 jam

150 2676 411 2754 cohonestatur
437 2675 615 2774 voluptas.
643 2676 806 2751 Secunda
832 2675 1010 2751 cantantia
1035 2690 1168 2777 negat,
1199 2692 1236 2750 et

152 2773 249 2847 hanc
274 2788 399 2847 tenent
416 2774 461 2848 D.
485 2775 556 2849 ΤΙι.
581 2778 619 2847 iu
643 2778 666 2868 4
688 2775 732 2847 D.
760 2773 800 2873 3ι
831 2800 869 2874 q.
898 2799 917 2847 a
943 2789 1009 2846 art.
1038 2774 1072 2848 3.
1100 2776 1124 2847 S
1152 2800 1236 2847 orer

150 2897 190 2947 n.
209 2896 291 2971 297·
310 2871 441 2945 Tamb.
464 2885 508 2944 tr.
526 2875 595 2967 4ο.
614 2898 634 2945 a
654 2874 674 2968 g
694 2874 715 2946 3
737 2898 773 2945 ιι.
799 2900 852 2946 ιι.
875 2872 988 2945 noae.
1007 2898 1046 2972 p.
1070 2802 1149 2967 ild
1155 2898 1191 2972 q.
1214 2898 1237 2948 a

148 2972 189 3045 R.
207 2973 277 3044 ain
295 2970 366 3042 line
379 2987 439 3059 „et
451 2970 584 3044 Saoch.
601 2967 626 3042 l.
643 2970 667 3043 6
684 2972 726 3043 l).
752 2996 786 3042 ιι
805 2994 842 3045 ιι.
861 2973 882 3065 d
900 2974 1015 3045 citans
1031 2971 1065 3043 S.
1080 2975 1236 3067 August.

147 3084 185 3142 et
198 3069 234 3142 S.
250 3067 413 3142 Anselm.
430 3070 554 3158 Ratio,
573 3070 660 3168 quia
678 3094 753 3141 noir
771 3085 891 3168 potest
909 3094 986 3142 esse
1005 3070 1170 3143 immune
1189 3067 1235 3142 ab

150 3167 273 3264 aliqua
296 3166 600 3257 deordinatione,
626 3167 718 3240 velle
736 3167 905 3239 ordinare
929 3190 1007 3240 rem
1029 3193 1168 3240 sacram
1189 3166 1236 3242 ad

147 3266 356 3366 profanam,
375 3282 412 3340 et
427 3266 701 3342 Matrimonium
721 3265 938 3340 contrahere
960 3265 1007 3339 oh
1035 3267 1123 3340 fines
1142 3265 1237 3341 alie·

150 3380 217 3438 ιἰοι
228 3363 275 3437 ab
289 3364 374 3451 illis,
390 3388 455 3465 per
470 3390 563 3465 qous
578 3369 717 3466 nuptiae
731 3379 819 3441 sunt
832 3363 948 3439 licitae.
961 3367 1039 3465 Ego
1057 3379 1148 3463 puto
1165 3364 1238 3439 dis·

150 3461 395 3561 tinguendum
420 3490 430 3531 a
455 3466 484 3535 si
509 3465 659 3545 ficissit
682 3488 747 3563 per
769 3489 805 3537 se
830 3464 1032 3553 honestus,
1059 3462 1239 3537 uimiriam

178 3576 221 3634 ax
236 3561 388 3665 populi,
406 3580 507 3636 amor
522 3565 617 3635 iuter
630 3560 920 3662 consanguineos
938 3618 946 3646 ,
964 3562 1114 3637 honoris
1131 3561 1239 3634 fami·

148 3589 209 3733 liae
234 3659 486 3743 conservatio,
514 3663 682 3734 sanitatis·
701 3661 874 3753 tuendae,
900 3675 938 3737 et
957 3658 1088 3735 similia
1108 3716 1117 3743 ,
1145 3671 1239 3753 tuno

148 3773 239 3858 puto
253 3755 456 3833 dicandam
469 3782 555 3834 cum
567 3760 739 3833 Buaemh.
754 3774 791 3832 ut
805 3764 915 3859 supra
929 3761 1017 3851 ned.
1032 3758 1138 3830 Pont.
1158 3758 1184 3830 l.
1203 3772 1237 3833 c.

148 3857 239 3931 Gon.
260 3858 304 3931 D.
326 3857 372 3931 25
392 3855 480 3929 dub.
506 3883 517 3929 ι
539 3884 575 3930 ιι.
599 3860 640 3949 ι4
660 3874 696 3929 et
711 3855 788 3932 Pal.
811 3858 843 3929 d.
864 3884 901 3930 ιι.
918 3856 940 3928 3
959 3864 973 3946 (
990 3853 1108 3956 quiid
1126 3854 1239 3937 habel

150 3970 192 4028 ut
210 3971 350 4031 certum
366 4012 376 4045 ,
395 3950 520 4029 contra
545 3955 708 4048 Sauoh.)
731 3953 830 4029 licite
852 3955 1126 4049 Matrimonium
1144 3980 1239 4027 corr·-

152 4053 269 4137 trahi‚
294 4058 378 4156 quia
394 4046 477 4128 'haec
502 4070 647 4128 nonest
672 4054 933 4142 deordinatio‚
958 4068 998 4125 ut
1018 4079 1105 4125 mox
1126 4080 1168 4126 au
1198 4054 1238 4128 rh

154 4149 337 4244 diximus,
356 4153 490 4254 eligere
512 4152 674 4255 aliquem
698 4178 742 4228 ex
765 4150 900 4230 finibus
918 4151 1142 4229 secundariis
1166 4082 1238 4225 ha·
