2917 4709
274 77 355 166 Cap.
366 77 408 141 ll.
419 76 574 143 nunttt.
585 75 850 145 DeMairimonio
864 77 1038 147 secundnm
1053 99 1097 144 se.
1164 77 1228 145 532

151 186 344 261 divortium
369 189 447 260 sine
469 189 671 270 sententia,
698 186 771 260 sive
795 188 1017 271 adulterium
1036 190 1084 262 sit
1105 188 1228 287 publi·v

147 312 256 377 cum,
270 283 346 359 sive
364 285 575 376 occultum,
596 283 708 361 modo
721 287 768 360 sit
786 303 927 360 certum
942 343 952 374 ,
970 303 1064 361 etex
1082 313 1224 387 separa-

150 386 250 459 tione
270 410 346 457 nou
374 385 590 457 interveniat
615 383 863 479 scandalum,
886 385 987 487 quod
1014 412 1089 459 non
1114 387 1229 485 possit

149 481 257 557 aliter
269 486 428 581 reparari
447 509 456 568 ;
475 482 522 555 nt
537 482 671 556 Sanch.
690 482 714 554 l.
738 509 778 556 ιο
791 482 836 556 D.
855 510 905 561 ,ια
918 509 955 558 ιι.
970 484 1011 558 31
1030 499 1066 559 et
1080 483 1125 556 32
1141 512 1229 557 cum
1271 506 1273 511 ·

148 582 253 667 Sota,
272 579 391 654 Palae.
412 580 524 655 Henr.
543 581 640 654 Abb.
658 597 727 656 etc.
749 607 791 655 ac
809 580 902 681 Bon.
922 582 995 679 p.5
1014 608 1053 653 n.
1081 609 1121 653 ιο
1141 609 1228 655 cum

149 681 217 770 Sa,
234 678 325 752 Led.
341 681 424 778 Beg.
441 680 533 754 Con.
550 695 586 752 et
599 681 629 753 F
632 679 686 754 ill.
702 675 879 780 probatur
901 707 913 752 ι
936 704 978 755 ex
993 702 1026 752 c.
1044 680 1143 753 Dixit
1155 684 1228 753 Do-

147 778 271 851 minus
289 779 336 853 32
354 805 389 878 q.
414 805 425 850 ι
450 775 500 849 ibi
519 806 528 847 ε
550 776 962 876 Ubicumquefhmicatio
985 794 1062 863 est,
1080 780 1139 849 vel
1147 776 1228 868 for-

147 876 336 949 m'cdtionts
360 875 533 972 suspt‘cr'o,
552 875 654 948 libert
672 875 853 949 dimittitur
872 900 976 950 uxor.
994 876 1164 972 NotaTo
1186 876 1227 948 li-

145 968 247 1061 bera,
265 972 367 1074 quod
385 971 553 1063 denotat,
571 970 714 1049 nullam
737 975 874 1073 requiri
896 968 1136 1061 sententiam,
1164 991 1234 1049 aut

144 1071 343 1146 licentiam.
359 1074 410 1145 Et
424 1077 513 1145 ratio
530 1088 606 1157 est,
626 1074 710 1171 quia
726 1071 892 1147 absolute
911 1096 1123 1147 consessum
1140 1079 1228 1148 esta

146 1170 304 1245 Christo
320 1171 478 1245 Domino
506 1170 686 1262 dimittere
710 1170 916 1271 'Coniugem
942 1169 1226 1245 adulterantem.

145 1269 237 1343 Haec
254 1270 430 1343 sententia
445 1268 536 1342 mihi
554 1267 783 1369 probabilior
796 1284 872 1357 est,
888 1268 1018 1345 saltem
1037 1270 1067 1343 si
1087 1268 1229 1344 adulte-

146 1369 245 1440 rium
260 1369 308 1441 sit
327 1393 371 1442 ex
393 1382 494 1469 parte
512 1368 688 1455 foeminae;
712 1367 850 1442 durum
873 1367 973 1441 enim
989 1384 1084 1445 esset
1099 1393 1228 1467 cogere
1273 1398 1276 1403 ’
1369 1404 1372 1413 ’

145 1466 265 1540 virum
290 1484 433 1540 certum
454 1465 500 1538 de
524 1465 705 1553 adulterio
731 1467 851 1541 uxoris
869 1523 879 1556 ,
899 1480 942 1540 ut
961 1464 1154 1565 publicum
1173 1468 1225 1540 la-

146 1565 221 1639 ciat
240 1564 342 1638 illius
368 1566 509 1639 crimen
534 1566 573 1638 in
598 1563 737 1655 'udicio
759 1592 845 1638 cum
869 1590 938 1637 suo
961 1576 1138 1665 perpetuo
1163 1565 1227 1639 de·

144 1661 291 1739 decore.
307 1663 406 1738 Bene
422 1678 542 1736 tamen
560 1591 714 1736 advertit
729 1663 859 1737 Bonl.
873 1663 935 1736 cit.
954 1660 1078 1765 quod,
1097 1664 1127 1735 si
1143 1679 1230 1763 post

145 1759 345 1835 divortium
362 1760 481 1835 Judex
499 1776 605 1856 cogat
619 1762 824 1859 Cou'ugem
845 1759 891 1834 ad
910 1758 1225 1836 cohabitandum.
1248 1809 1251 1813 .

145 1874 312 1934 teneatur
326 1859 474 1934 obedire
487 1887 496 1949 ;
511 1860 577 1935 sed
590 1864 689 1958 juxta
701 1788 800 1935 lano
811 1858 1032 1965 mittentium
1040 1885 1118 1935 non
1130 1876 1233 1943 tene-
1286 1910 1295 1933 .

140 1958 386 2034 turreddere.
539 1959 544 1967 ’
765 2020 775 2037 .
882 2028 886 2041 ,

142 2072 146 2080 ’
195 2058 230 2131 N
233 2052 412 2134 standum
425 2071 546 2131 autem
560 2055 642 2144 hic,
655 2055 757 2156 quod
772 2112 781 2142 ,
800 2055 892 2131 iacta
908 2053 1063 2153 juridica
1078 2082 1223 2156 separa·
1233 2096 1284 2167 9⁶9

146 2157 271 2248 tione,
288 2159 344 2231 vir
362 2159 540 2230 innocens
561 2154 676 2256 possit
692 2153 835 2253 ingredi
849 2154 1098 2253 Religionem,
1115 2157 1227 2230 etiam

145 2255 259 2328 intiu
282 2250 467 2347 adultera,
489 2282 524 2330 c.
539 2260 694 2351 Agatosa
708 2280 753 2353 27
771 2278 889 2352 (ιω.
904 2250 1098 2354 Possitque
1117 2256 1228 2328 etiam

145 2351 302 2429 Ordines
318 2355 446 2431 Sacros
464 2353 671 2451 suscipere,
690 2366 732 2425 ut
752 2346 865 2439 Saliu.
882 2377 916 2426 c.
943 2349 986 2425 16
1006 2378 1046 2425 n.
1062 2353 1121 2426 50.
1139 2379 1226 2427 cum

147 2453 539 2541 communi,manente
557 2458 681 2525 tamen
701 2448 850 2531 vinculo
867 2448 1089 2524 Matrimonii
1099 2477 1110 2532 ;
1123 2452 1229 2543 Qua-

147 2575 212 2636 re,
229 2548 260 2623 si
282 2550 337 2640 is,
356 2564 522 2648 suscepta
546 2549 759 2648 Religione,
779 2546 835 2619 vel
857 2546 1060 2624 Ordinibus
1081 2550 1198 2623 Sacris
1217 2607 1227 2638 ,

149 2674 237 2723 cum
250 2646 319 2721 alia
332 2649 468 2735 coiret,
483 2646 570 2721 licet
583 2661 672 2720 tunc
682 2672 759 2720 non
769 2643 877 2727 detur
891 2645 1049 2747 amplius
1063 2647 1228 2721 criminis

149 2747 424 2919 compensatio,
439 2759 598 2820 attamen
620 2769 746 2818 rerum
769 2742 995 2818 adulterium
1018 2747 1229 2820 committe·-

147 2858 219 2920 ret.
260 2857 356 2932 tem,
376 2845 407 2916 si
428 2868 581 2918 uxorem
608 2854 865 2942 cognosceret,
884 2858 1053 2941 peccaret
1076 2842 1228 2944 quidem

147 2957 302 3044 peccato
319 2942 525 3042 sacrilegii,
545 2940 608 3015 sed
629 2967 705 3015 non
724 2940 987 3014 fornicationis.
1006 2941 1087 3015 Hoc
1105 2959 1228 3017 autem

148 3055 264 3129 esset,
275 3041 306 3114 si
321 3041 594 3116 Matrimonium
607 3045 680 3142 jam
695 3051 992 3113 consummatum
1005 3038 1131 3131 fuerit,
1141 3066 1232 3114 nam

150 3138 242 3214 alias
260 3141 535 3217 Matrimonium
548 3165 613 3238 per
624 3136 890 3212 Prosessionem
907 3134 1126 3236 Religiosam
1137 3144 1229 3225 (non

151 3253 275 3312 autem
300 3264 367 3339 per
390 3238 547 3313 Ordines
573 3237 733 3333 Sacros)
758 3236 868 3309 etiarn
894 3232 1017 3336 quoad
1039 3234 1230 3312 vinculum

36 3362 37 3365 ’
150 3334 500 3428 dissolvitur;Salm.
515 3363 547 3411 c.
566 3335 609 3410 16
623 3361 660 3409 ιι.
679 3336 724 3410 50
740 3347 776 3409 et
791 3332 852 3407 51.
866 3349 902 3407 et
918 3338 1104 3409 commun.
1119 3335 1232 3411 Recte

151 3450 277 3511 autem
300 3433 490 3508 advertunt
506 3434 619 3508 Salm.
638 3459 677 3508 n.
696 3434 755 3508 53.
782 3431 882 3532 quod
894 3490 903 3522 ,
915 3432 948 3505 si
968 3439 1103 3534 conjux
1119 3434 1231 3508 inno·

153 3560 242 3627 cens
261 3533 399 3636 absque
418 3533 595 3608 sententia
612 3531 744 3630 judicis
764 3547 953 3628 separetur
970 3528 1016 3603 nh
1036 3530 1232 3621 adultera,

152 3635 211 3707 vix
234 3636 412 3731 umquam
431 3632 571 3732 possit,
588 3633 695 3706 etiam
718 3635 818 3728 juxta
843 3630 999 3729 primam
1018 3631 1232 3732 opinionem

153 3734 339 3831 utsupra,
354 3728 605 3804 Sacerdotium
621 3732 806 3828 suscipere
819 3728 933 3830 :quia
950 3726 1146 3805 difficulter
1159 3729 1241 3811 huc·

155 3829 235 3903 fieri
251 3841 376 3929 posset
394 3826 532 3926 absque
552 3827 737 3903 scandalo.

203 3928 237 4003 E
258 3952 430 4007 converso
455 3925 626 4019 adulter,
646 3952 715 4005 uec
733 3927 842 4007 etiam
861 3924 953 4003 iacto
973 3921 1127 4008 divortio
1146 3926 1241 4029 juri-.-
