2917 4709
236 218 304 295 586
451 221 522 290 Lib.
537 220 597 291 VI.
615 219 722 287 Tmen
741 214 800 287 Vi.
820 215 870 287 De
887 214 1107 285 Matrimonio.

240 362 309 410 nec
327 347 381 407 est
395 327 521 407 contri
539 326 744 419 libertatem
759 328 804 402 ad
818 328 1092 401 Matrimonium
1106 325 1322 425 requisitam

240 433 420 532 impedire
450 458 603 527 sponsos
631 429 676 525 ab
702 426 837 527 injuste
863 425 1195 517 resiliend031icet
1222 427 1323 499 enim

243 538 322 606 ‘ora
343 533 384 603 in'
407 530 644 623 Matrimonio
660 526 867 626 approbent
893 526 1098 599 libertatem
1119 523 1323 597 rationabi-

231 560 336 719 iem‚
356 632 552 727 reprobant
567 636 684 699 tamen
701 621 1014 715 irrationabilem
1032 640 1069 695 et
1082 623 1164 695 ideo
1179 650 1252 695 non
1270 622 1321 695 of·

142 736 166 801 r‘
241 731 319 802 ficit
341 727 498 813 libertati
522 725 742 811 Mitrimon'ii
755 732 771 809 '‚
789 723 889 821 qnod
912 722 1029 796 Jndex
1049 737 1153 817 cogat
1168 744 1321 821 sponsos

240 829 288 900 ad
306 825 599 899 contrahendum
628 851 693 924 per
713 848 908 909 censuras,
931 847 1137 909 carcerem,
1158 834 1222 891 aut
1242 844 1321 917 ppe-

155 1006 157 1012 ,
240 952 329 999 nam
344 926 614 1024 pecuniariam.
638 927 722 996 corn
747 920 828 1013 talis
847 934 966 993 metus
993 919 1087 1019 iuste
1108 920 1319 990 incutiatur.

239 1023 348 1117 Quod
369 1037 491 1095 antem
514 1019 713 1121 aliquandi)
741 1032 860 1116 posset
878 1018 1010 1117 aliquis
1029 1013 1124 1117 justis
1146 1014 1284 1088 resilire
1306 1070 1316 1102 ‚

240 1136 276 1193 et
293 1146 367 1195 non
387 1136 505 1220 posset
526 1117 700 1217 probare,
720 1118 790 1193 hoc
808 1139 872 1216 per
887 1117 1056 1189 accidens
1077 1142 1114 1187 se
1132 1114 1242 1186 habet
1258 1169 1266 1203 ,
1284 1130 1321 1185 et

238 1219 522 1293 fundamentum
550 1231 683 1289 nostrae
717 1212 905 1288 sententiae
938 1240 1014 1287 non
1044 1211 1158 1285 elidit.
1190 1210 1320 1309 Neque

239 1318 384 1391 obstant
407 1320 499 1414 teges
518 1311 793 1413 snpra‘ailatae‚
818 1340 902 1388 nam
926 1315 962 1384 in
983 1312 1126 1385 tantirm
1151 1309 1206 1383 hae
1222 1306 1320 1408 leges

239 1418 519 1515 promissionem
547 1439 667 1513 poenae
698 1416 735 1485 in
766 1409 996 1509 sponsalibus
1031 1410 1245 1492 irritabant,
1282 1410 1320 1480 in

238 1512 418 1614 quantiam
444 1512 602 1585 olim'ex
624 1512 711 1585 Jore
738 1511 845 1584 Civili
869 1510 915 1582 ad
939 1509 1123 1602 sponsalia
1147 1505 1320 1583 solvenda

239 1610 444 1685 sufficiebat
461 1610 631 1681 volontas
658 1608 770 1680 unius
793 1611 937 1707 partis,
965 1605 1039 1679 sive
1068 1632 1153 1679 cum
1183 1632 1318 1690 cansa,

237 1710 311 1784 siri
328 1713 404 1782 >ine
422 1735 528 1780 causa
547 1709 748 1792 resiliebat,
764 1722 804 1779 ut
824 1723 921 1803 patet
936 1698 971 1778 ei
988 1706 1012 1777 l.
1037 1730 1047 1775 r
1069 1706 1112 1778 C.
1132 1704 1177 1775 de
1195 1730 1318 1803 spons.

239 1826 276 1881 et
294 1809 421 1881 Glossa
443 1809 493 1880 ibi
513 1835 520 1881 :
539 1808 604 1878 sed
627 1807 671 1877 de
689 1811 769 1905 jure
787 1805 1023 1878 Canorrico'c.
1041 1805 1215 1877 Praeterea
1238 1830 1250 1874 r
1272 1800 1321 1875 de

238 1910 367 2003 Spons.
387 1902 539 1979 omnini)
556 1907 753 2003 requiritur
772 1928 972 1977 consensus
993 1903 1182 2002 otriusqne
1210 1901 1322 1975 Caete·

239 2005 323 2078 rirm
338 2008 376 2077 in
397 2006 430 2075 Ι.Ι
449 2003 620 2076 finibid.
639 2001 863 2103 approbatur
882 2005 1067 2099 tamqnam
1085 1999 1204 2071 valida
1221 2011 1257 2071 et
1272 1998 1320 2071 li-

239 2104 308 2175 oita
335 2129 440 2201 poena
466 2099 632 2173 solvendi
658 2101 838 2199 duplum,
865 2086 1043 2198 triplam,
1066 2098 1125 2170 rel
1152 2097 1322 2197 quadru-

267 2202 343 2273 lnm
364 2227 430 2303 pro
454 2199 606 2282 arrhis,
643 2192 734 2296 iinas
772 2200 906 2296 injuste
934 2196 1098 2277 resiliens
1122 2197 1318 2294 acceperit.

237 2227 318 2373 imo
342 2302 417 2371 Leo
444 2284 648 2394 Imperator'
663 2298 705 2395 in
732 2295 878 2382 Noveli'.
914 2297 954 2367 18
972 2297 986 2388 (
1006 2310 1045 2366 nt
1068 2296 1188 2367 videre
1217 2307 1324 2389 potes

237 2394 525 2492 apud'Pontiom
541 2397 555 2492 )
570 2394 736 2494 expressis
751 2393 931 2494 approbat
943 2393 1185 2491 adjectionem
1204 2417 1324 2491 poenae

237 2495 276 2566 in
295 2492 526 2591 sponsalibus
542 2494 667 2565 contri
688 2493 962 2576 inconstantes,
984 2490 1058 2564 sive
1077 2490 1213 2589 iniuste
1235 2493 1324 2563 resi·

237 2592 391 2680 fientes,
411 2590 550 2663 addens
566 2649 574 2674 ,
591 2591 630 2662 id
647 2616 723 2663 esse
743 2594 815 2690 jam
831 2580 1097 2664 consue'tudirie
1119 2591 1320 2663 firmatum.

288 2694 439 2785 Qnaerit.
455 2688 498 2761 ll.
518 2717 562 2761 an
582 2690 677 2789 juste
693 2689 858 2762 resiliens
872 2693 890 2761 a
909 2687 1140 2788 sponsalibus
1155 2703 1325 2761 teneatur

240 2789 377 2863 solvere
392 2812 538 2888 poenam
554 2790 782 2887 promissam,
797 2790 826 2859 si
844 2788 1118 2884 promissionem
1135 2791 1323 2885 juramen·

238 2888 280 2960 16
293 2889 511 2961 firmaverit?
524 2888 650 2959 Prima
663 2889 842 2959 sententia
854 2884 1018 2967 affirmat,
1032 2900 1068 2956 et
1085 2884 1179 2956 hanc
1195 2899 1324 2958 tenent

238 2987 387 3061 L‹·ssius
408 2988 431 3059 Ι.
453 3012 521 3060 ao.
546 3009 585 3084 ¹7
605 3013 706 3058 num.
728 2983 776 3060 56
795 3011 828 3055 v.
845 2983 940 3065 Ubi.
961 2981 1047 3057 Mol.
1069 2999 1114 3054 tr.
1131 3008 1151 3054 a
1170 2984 1213 3056 D.
1240 2984 1322 3057 151.

239 3087 343 3157 Suar.
372 3084 418 3156 de
442 3083 681 3182 Religsm.
707 3111 727 3156 2
752 3109 785 3156 c.
805 3084 848 3154 23
871 3099 904 3154 et
924 3082 1014 3154 Con.
1041 3080 1086 3154 D.
1113 3107 1158 3153 aa
1181 3080 1320 3157 dubo

239 3207 279 3255 n.
303 3180 368 3255 2⁸5:
387 3180 512 3267 Ra'tio,
538 3184 623 3280 quia
645 3181 731 3253 iicet
752 3182 797 3253 sit
822 3183 931 3252 vetita
958 3180 1156 3278 promissiov
1179 3206 1323 3277 poenae,

241 3304 318 3351 non
337 3295 458 3351 tamen
480 3282 655 3352 est'vetita
676 3285 753 3377 ejus
769 3277 902 3352 solutio
919 3336 927 3362 ‚
947 3302 1030 3378 qnae
1050 3293 1113 3350 aut
1128 3280 1162 3349 vi
1178 3276 1322 3376 obliga-

241 3378 352 3449 tionis
370 3376 546 3469 natnralis
564 3436 571 3461 ,
590 3393 651 3450 aut
667 3376 1007 3474 saltem-juramenti
1027 3376 1202 3459 debetur,
1222 3378 1323 3471 justi

225 3474 338 3549 'dicta
353 3475 418 3548 lib.
435 3478 456 3550 3
473 3503 510 3550 n.
530 3500 608 3574 177,
626 3476 689 3548 ubi
703 3477 843 3549 dictum
858 3492 909 3549 est
924 3501 966 3549 ex
981 3501 1061 3573 cap.
1074 3474 1262 3548 Debitores
1273 3475 1323 3550 de

242 3576 403 3681 Jure'pur.
430 3580 675 3671 juramentum
699 3572 883 3671 obligare,
908 3588 984 3647 esto
1005 3574 1196 3672 promissio
1224 3572 1323 3665 sacta

242 3674 407 3746 irritetur
429 3682 446 3744 a
469 3679 548 3769 iure
566 3673 606 3744 in
624 3672 752 3761 odium
769 3673 886 3771 iniqui
903 3672 1091 3769 creditoris
1110 3729 1119 3761 ,
1141 3670 1248 3770 proiit
1265 3684 1324 3745 est

244 3771 435 3871 promissio
462 3770 630 3844 solvendi
660 3798 802 3844 usuras.
830 3771 990 3844 Secundo
1021 3768 1108 3843 vero
1139 3771 1321 3845 sententia

245 3869 619 3969 probabiliornegat,
640 3886 676 3942 et
695 3868 792 3941 hanc
809 3884 929 3940 tenent
953 3869 1089 3942 Sanch'.
1109 3868 1132 3940 Ι.
1157 3896 1186 3942 1.
1207 3868 1252 3940 D.
1273 3869 1317 3942 31

243 3970 580 4042 n.'21.¹P0nti‘nst.
607 3993 646 4041 12
665 3992 696 4040 c.
723 3993 765 4068 ¹9
789 3994 826 4042 n.
848 3993 883 4060 7.
903 3967 1050 4041 Bossius
1073 3993 1106 4039 c.
1132 3992 1167 4041 rr
1190 3970 1226 4038 ir.
1247 3966 1320 4059 443

242 4091 327 4136 eum
345 4067 452 4139 Bar-h.
468 4069 601 4143 Bonae.
622 4066 767 4141 Fillinc.
787 4078 822 4138 ot
835 4056 920 4139 stit.
936 4060 1020 4159 Pal.¹
1038 4094 1073 4162 p.
1090 4090 1114 4165 9
1135 4091 1171 4137 n.
1190 4064 1321 4139 (icum

185 4236 187 4239 ,
239 4162 403 4259 Gomez,
431 4166 557 4297 qorar.
578 4168 741 4246 steort.
763 4162 896 4287 Esonb.
923 4152 961 4240 nss
992 4165 1058 4265 195
1082 4190 1170 4239 cum
1186 4160 1315 4239 Bartoi
1345 4212 1365 4242 Q
