2917 4709
217 260 286 329 ³90
328 238 400 305 Lib.
416 236 1168 311 v1.'rnolvnesanamenotoeninntta

164 356 229 422 tut.
271 356 391 445 Quaer.
404 356 466 429 111.
485 358 542 428 An
566 354 846 428 denuntiandus
864 356 910 427 sit
925 353 1176 427 Confosaarius
1192 350 1301 426 solli-

224 452 339 524 citans
357 453 404 524 ad
426 469 528 527 actus
547 453 688 527 tantiam
708 453 899 526 venialiter
916 452 1129 525 inhonestos
1142 454 1157 523 i’
1170 453 1296 522 Prona

223 555 403 624 contentia
424 552 598 640 affirmat,
622 568 659 626 et
678 551 775 624 harro
796 566 924 624 tenent
943 552 1059 623 Diana
1077 553 1116 624 R.
1134 549 1170 623 5.
1188 551 1296 623 Mazz.

254 706 261 721 .
285 650 369 742 438.
398 650 490 721 Viva
512 654 549 720 in
572 653 682 749 Prop.
706 674 740 750 7.
766 649 888 722 damn.
904 647 949 720 ab
965 647 1132 721 Alexand
1158 649 1240 720 Vll.
1261 661 1300 718 et

221 675 521 837 leallsancius,
534 746 1152 844 Fagund.Leand.etThom.Hurt.
1163 771 1197 818 n.
1213 745 1300 818 635.

223 846 338 933 Ratio,
351 848 435 945 quia
452 861 554 921 actuo
567 848 692 920 leviter
705 847 888 921 inhonesti
900 850 996 917 extra
1006 847 1300 927 Sacramentum,

224 944 319 1015 fiunt
338 956 461 1040 graves
478 946 516 1016 in
535 946 781 1030 Sacramento‚
797 944 844 1018 ob
859 969 1001 1041 gravem
1016 945 1200 1043 iniuriam,
1217 964 1299 1039 quae

128 1107 132 1115 .
221 1044 257 1116 ei
287 1041 600 1139 irrogatur;uioi1t
621 1046 781 1139 sumptio
807 1048 907 1141 parvi
930 1043 1002 1116 cibi
1029 1043 1067 1112 in
1087 1041 1147 1113 die
1168 1041 1299 1138 jejunii

222 1156 317 1211 earet
333 1166 397 1239 per
411 1164 448 1213 se
465 1143 542 1215 lere
557 1155 752 1242 peccatum
768 1156 894 1214 contra
917 1131 1219 1239 temperantiam,
1234 1135 1301 1208 sed

220 1255 316 1309 osset
332 1264 450 1337 grave,
461 1241 490 1313 si
506 1242 609 1312 fieret
619 1239 703 1314 ante
714 1240 1033 1313 Communionem.
1046 1236 1207 1309 Secunda
1216 1232 1302 1308 reri)

221 1339 400 1408 sententia
422 1338 646 1435 probabilior
660 1353 785 1434 negat,
800 1353 837 1412 et
850 1337 945 1412 hanc
959 1350 1086 1409 tenent
1098 1333 1174 1408 Pal.
1185 1350 1266 1432 part
1279 1334 1303 1406 3

222 1459 262 1507 n.
284 1436 318 1507 3.
338 1450 375 1508 et
392 1436 527 1510 Escoli.
545 1464 581 1510 n.
598 1436 671 1511 636
686 1454 722 1510 et
738 1436 824 1536 637.
844 1436 1120 1522 menrasense,
1141 1430 1294 1506 Portell.
1331 1486 1335 1493 .

220 1547 262 1605 et
276 1533 387 1633 Gaup.
411 1537 518 1610 Hurt.
541 1538 642 1610 Ratio
658 1593 666 1619 ‚
682 1536 769 1635 quia
790 1560 835 1607 ex
851 1561 922 1606 ona
944 1548 1047 1635 parte
1063 1546 1206 1605 certam
1220 1543 1302 1614 eat,

226 1630 329 1728 quod
353 1632 399 1703 ad
424 1632 725 1706 denunciandum
746 1634 1016 1708 Coniesuarium
1037 1630 1307 1704 sollicitantem

219 1729 445 1829 requiratur,
461 1732 572 1845 proiit
587 1733 717 1805 dicunt
731 1730 810 1805 Pal.
829 1730 977 1805 Portell.
994 1744 1031 1803 et
1046 1730 1157 1803 Sousa
1172 1785 1180 1813 ,
1198 1725 1301 1826 quod

220 1844 326 1899 actus
350 1827 620 1904 sollicitationis
642 1832 689 1903 sit
713 1844 904 1930 peccatum
924 1852 1053 1929 grave.
1072 1829 1120 1900 ita
1141 1839 1182 1898 ut
1202 1824 1304 1897 certo

224 1939 374 2023 putetur
389 1928 468 2024 ipse
486 1934 640 2026 graviter
652 1931 690 2001 in
705 1953 748 2001 eo
761 1932 939 2028 peccasse,
956 1952 1043 2000 oum
1061 1925 1141 1999 talis
1154 1924 1300 1996 denon-

224 2024 379 2096 ciandus
394 2026 441 2096 eit
459 2031 645 2124 tamquam
664 2040 855 2122 suspectus
871 2026 918 2099 de
932 2025 1020 2114 ude,
1035 2041 1076 2096 ut
1090 2023 1245 2096 habetur
1257 2046 1301 2094 ex

226 2120 346 2194 edicto
364 2122 616 2220 Inquisitionio
636 2125 768 2197 Gener.
793 2123 894 2222 apud
921 2127 1054 2197 Potest.
1076 2138 1101 2194 t.
1123 2148 1197 2195 an.
1216 2121 1300 2193 226.

225 2243 265 2320 p.
281 2220 352 2311 430
379 2222 427 2293 At
442 2246 550 2294 nemo
568 2237 685 2320 potest
697 2224 837 2295 censori
851 2220 1041 2322 suspectus
1055 2220 1102 2292 de
1118 2218 1218 2302 fide,
1234 2219 1299 2315 qui

220 2316 370 2401 tantiam
386 2319 577 2392 venialiter
590 2336 730 2418 peccat.
740 2321 1038 2395 Hirenenxtv.
1051 2316 1304 2392 hooeollicita-

225 2416 335 2488 tionis
352 2418 491 2490 crimen
505 2417 666 2520 appellat
679 2417 850 2509 nefhn'am
859 2418 1124 2516 inprobitatem
1133 2417 1214 2489 etin
1222 2412 1306 2487 Bul·

220 2512 322 2586 laPii
334 2514 398 2586 IV.
410 2516 598 2590 diciturde
612 2515 826 2616 hujusmodi
834 2514 1089 2591 Sacerdotibus
1101 2512 1302 2587 sollicitan-

227 2611 339 2697 tibus,
350 2615 413 2713 qut'
419 2615 495 2687 loco
507 2615 796 2689 reconcilationis
803 2638 881 2688 cum
888 2614 980 2701 Deo,
985 2611 1140 2714 graviori
1145 2627 1307 2709 peccato·

226 2734 303 2783 rum
318 2711 409 2783 mole
417 2713 616 2805 poentientis
635 2726 799 2805 onerant,
815 2711 898 2785 etia
917 2711 1076 2784 manibus
1085 2708 1229 2781 Diaboli
1235 2725 1305 2781 tra·

227 2807 1304 2926 dunOExaliaparteaotunquiinseeojtleviscontracasti·
1424 2858 1428 2871 ·

153 2934 158 2949 ¹
227 2921 338 2980 tatem
350 2963 358 2993 ‚
372 2910 590 3007 nequitfieri
631 2909 722 2983 ravis
738 2936 775 2983 tn
787 2912 1033 2990 Sacramenta
1047 2907 1134 2980 aliiae
1151 2904 1298 3003 quodli-

226 3001 304 3080 bet*
329 3022 492 3091 eooaturn
500 2936 644 3082 reniale
656 3009 695 3081 in
705 3009 853 3081 materia
864 3006 1062 3080 veracitatis
1075 3062 1083 3089 ‚
1098 3003 1300 3105 patientiae,

223 3105 285 3178 vel
303 3034 515 3217 llumilitatir
532 3162 541 3193 .
559 3106 726 3181 eraderet
743 3132 848 3215 grave
865 3106 905 3179 in
923 3105 1180 3191 Sacramenta,
1200 3100 1304 3202 quod

224 3225 336 3281 nemo
352 3219 488 3277 assent.

218 3341 228 3352 ·
277 3301 353 3374 Nec
367 3302 485 3375 obstat
503 3303 642 3388 dicere,
658 3302 758 3402 quod
773 3302 882 3404 culpa
895 3301 983 3375 levir
997 3298 1172 3375 reddatur
1185 3298 1303 3396 gravia

217 3397 280 3483 eb
298 3400 531 3475 reverentiam
551 3402 784 3477 Sacramenta
806 3401 965 3474 debitam
982 3423 992 3488 ;
1012 3424 1097 3471 nam
1117 3399 1190 3471 hoo
1213 3424 1303 3471 cur·

228 3500 279 3574 rit
292 3556 299 3579 .
321 3496 471 3597 quando
486 3501 627 3599 aliquid
640 3499 857 3601 prohibetur
871 3498 918 3573 ob
935 3497 1050 3571 solam
1066 3497 1304 3571 reverentiam

229 3599 477 3690 sacramenti,
498 3597 609 3705 proiit
642 3598 860 3699 prohibetor
881 3599 1016 3698 quaevis
1040 3622 1154 3764 <lam
1172 3618 1306 3667 comea-

229 3696 282 3789 tio
300 3694 380 3769 anti
395 3696 726 3788 Commonionem;
747 3722 822 3770 nou
840 3694 924 3770 vero
937 3721 1035 3793 quan
1066 3694 1303 3790 oresaliqua

231 3793 279 3866 ab
291 3795 455 3868 Ecclesia
474 3810 611 3870 vetatur
622 3799 811 3895 tamquirm
827 3795 864 3866 in
882 3819 918 3865 se
933 3794 1027 3865 mala
1044 3848 1052 3878 ‚
1073 3808 1161 3865 tunc
1177 3792 1276 3864 enim
1293 3844 1305 3877 ‚
1402 3867 1404 3870 ,

231 3894 318 3994 quia
352 3908 425 3966 tota
459 3895 621 3991 injuria,
648 3919 731 3993 quae
757 3894 989 3965 Sacramenta
1016 3892 1217 3989 irrogatur,
1250 3901 1306 3962 eat

232 3991 416 4090 quatenus
439 3994 713 4068 Sacramentum
749 3990 977 4064 ministrator
1008 4005 1071 4062 aut
1094 3988 1307 4088 'suempitur-

221 4114 318 4169 cam
348 4105 433 4167 actu
463 4116 592 4195 pravo,
614 4091 648 4171 ai
673 4102 776 4170 actuo
800 4094 860 4169 ert'
881 4088 1010 4168 leviter
1033 4112 1190 4192 pravus!
1215 4087 1306 4163 levia
