2917 4709
320 270 401 362 Cap.
419 272 461 339 11.
478 209 567 340 Dlub.
583 274 611 340 1.
628 275 678 341 De
693 272 897 341 Sacramenta
912 271 1058 341 Ordinis.
1168 257 1228 362 387
1279 278 1281 283 ’

144 413 166 452 ιι
194 385 289 457 Bon.
311 383 348 456 d.
375 385 397 455 8
417 410 480 483 qn.
502 412 531 458 ι.
549 387 577 458 F
583 384 637 457 itt.
662 400 705 457 tr.
722 410 748 484 9
764 411 797 458 c.
820 387 995 486 Maym.
1016 384 1078 457 i.5
1092 398 1139 457 tr.
1155 408 1229 483 9c.

141 510 160 546 υ
192 483 219 556 6
239 500 323 580 etp,
340 482 447 556 Dran.
465 511 502 582 p.
520 484 541 557 3
560 497 587 556 t.
604 485 628 577 4
648 484 678 556 R
697 509 777 582 ¹9²·
792 484 827 557 Si
845 500 970 556 autem
985 482 1145 556 dubium
1160 485 1230 570 sit,

145 612 164 646 ι
195 606 245 652 an
295 582 349 654 uis
372 598 515 656 aetatem
541 583 755 681 requisitam
785 579 941 671 habeat,
959 607 992 653 r.
1012 608 1064 679 gr.
1082 607 1149 696 pro
1163 583 1231 670 Sa-

144 707 166 746 ι)
197 608 364 753 ceriotio
391 679 439 752 ad
458 707 599 754 annum
624 681 669 753 25
691 682 875 779 ingressus
891 681 959 764 sit,
973 679 1135 753 ordinari
1155 706 1233 753 non

143 810 162 842 »
196 794 327 878 potest.
345 780 477 852 sanch-
491 782 620 880 Laym.
637 779 747 852 Bard.
767 778 803 851 d.
822 779 848 852 6
865 803 899 852 c.
924 806 960 852 ιι
984 806 1022 878 p.
1037 779 1062 851 6
1076 779 1097 876 5
1111 804 1132 850 2
1147 777 1232 851 vide

143 907 166 945 ι)
197 882 310 975 supra
326 874 352 950 l.
376 904 387 950 ι
409 895 451 951 tr.
475 906 486 951 ι
510 905 542 951 c.
561 903 582 949 a
600 878 691 949 dub.
708 881 741 951 3.
757 879 888 951 Peccat
904 891 1024 949 antem
1040 881 1116 950 tam
1131 875 1234 950 ordi-

142 1006 166 1045 »
196 1002 314 1058 nans,
335 985 447 1074 quem
464 979 656 1050 ordinatus
671 1031 679 1063 ,
697 976 726 1049 si
740 976 933 1050 ordinetur
950 978 1013 1076 qui
1027 1001 1103 1047 non
1122 975 1234 1049 habet

142 1103 167 1146 »
202 1074 397 1172 qualitates
423 1079 627 1176 requisitas.
649 1109 668 1145 u

198 1175 334 1246 Omnia
359 1187 479 1247 tamen
498 1174 576 1248 haec
601 1173 715 1248 fusiits
734 1172 976 1247 discutienda.
994 1174 1046 1248 Ut
1066 1171 1146 1272 quis
1163 1198 1233 1270 ngr
1242 1206 1290 1272 785

144 1268 211 1342 tias
233 1271 299 1342 rite
316 1271 462 1345 ordines
483 1274 580 1346 susci
610 1279 677 1358 iat,
700 1274 896 1371 requiritur
912 1272 943 1344 l.
962 1274 1014 1348 Ut
1034 1273 1081 1344 sit
1099 1271 1233 1361 viator,

147 1373 240 1467 qnia
262 1370 443 1468 ⁴Sacerdos
471 1374 544 1443 rita
572 1301 722 1446 iincius
745 1396 820 1444 non
848 1369 965 1445 valide
991 1387 1233 1443 consecraret.

144 1467 270 1554 Item,
298 1484 337 1539 nt
358 1470 499 1540 nonsit
521 1471 750 1570 neophytus,
772 1494 839 1541 uec
863 1468 1032 1554 infamis,
1054 1493 1122 1542 nec
1147 1469 1235 1540 her·

145 1565 433 1664 maphroditus‚
456 1569 519 1666 qui
545 1595 618 1642 non
643 1582 696 1640 est
714 1593 828 1664 capax
851 1566 1026 1650 Ordinis,
1049 1569 1118 1639 nisi
1136 1567 1172 1637 in
1191 1592 1235 1638 eo

147 1664 350 1763 praevaieat
370 1691 465 1738 enus
478 1668 726 1749 masculinus,
743 1665 834 1737 aiios
847 1691 921 1738 non
968 1679 1061 1738 otest
1076 1662 1158 1736 vere
1170 1691 1235 1764 ap-

149 1762 285 1862 pellari
301 1694 410 1840 Ιιᾶιιξῖ
423 1788 432 1851 ;
444 1762 541 1836 unde
557 1791 625 1838 nec
634 1761 735 1837 licite
746 1819 755 1847 ‚
768 1790 837 1835 nec
850 1691 1235 1860 valitiifconnecraret‚

149 1860 230 1934 imo
246 1887 313 1935 nec
335 1861 456 1947 licite,
474 1864 613 1935 etiamsi
631 1889 736 1935 sexus
752 1861 977 1936 masculinus
994 1861 1209 1974 praevaleret
1226 1917 1236 1947 ‚

181 1962 239 2032 uia
269 1969 364 2035 esset
396 1975 622 2046 monstrum,
656 1976 694 2034 et
713 1959 797 2032 ideo
823 1976 944 2054 egeret
964 1960 1237 2059 dispensatione

148 1987 345 2132 {ontificis
360 2082 370 2150 ;
388 2057 482 2130 Vide
495 2059 606 2133 Salm.
624 2086 656 2133 c.
678 2062 699 2132 5
718 2085 755 2132 n.
780 2060 831 2131 15.
848 2061 940 2131 Item
957 2058 1175 2158 requiritur,
1193 2073 1238 2131 ut

154 2183 232 2230 non
250 2159 296 2230 sit
310 2156 515 2254 irregularis
532 2213 541 2245 ‚
562 2184 761 2258 suspensus
775 2213 784 2245 ‚
799 2157 853 2228 vei
867 2157 1219 2236 excommunicatus.

203 2257 387 2348 Quaeritur
404 2255 466 2329 htc
483 2312 492 2341 ,
511 2284 577 2343 au,
596 2284 681 2328 cum
697 2258 903 2354 Episcopus
922 2253 1004 2329 ante
1022 2254 1237 2330 Ordinatio·

150 2380 240 2427 nem
263 2370 502 2453 protestatur,
518 2381 556 2428 se
573 2383 647 2430 nou
664 2354 853 2429 intendore
870 2353 1040 2428 ordinare
1058 2353 1236 2451 irregula-

153 2479 213 2528 res
227 2510 237 2540 ,
252 2455 606 2539 excommunicatos,
623 2455 767 2528 autulio
780 2452 889 2530 modo
903 2452 1095 2549 indiguos,
1110 2451 1236 2526 utrirm

155 2550 216 2623 isti
234 2552 450 2647 irregulares
464 2567 680 2628 remaneant
692 2553 847 2625 ordinati
862 2550 877 2622 ἒ
891 2552 1034 2672 Negant
1050 2548 1236 2626 Molicsine

154 2649 374 2818 ffiffiwb'
393 2648 418 2722 Ι.
444 2651 489 2723 23
516 2677 554 2724 ιι.
586 2653 663 2749 ι98.
684 2650 877 2724 Affirmant
891 2675 979 2724 vero
1003 2649 1236 2725 communius

235 2759 344 2818 assat.
359 2748 405 2818 Τ.
421 2746 450 2818 Ι.
473 2747 497 2819 Ι.
518 2748 588 2821 3c.
612 2748 655 2822 16
669 2775 708 2822 n.
731 2748 770 2820 15
788 2746 928 2824 Ladon.
947 2746 1038 2820 Bail.
1050 2762 1087 2822 et
1098 2745 1236 2821 Escob.

151 2871 196 2946 ιι.
216 2869 286 2917 noo
303 2868 390 2916 cnm
405 2844 495 2917 Nar.
510 2845 568 2932 Sa,
583 2842 695 2919 Rodr.
715 2845 829 2917 Graff.
848 2861 918 2920 etc.
938 2848 1025 2945 qnia
1041 2841 1149 2922 verba
1170 2843 1238 2918 ilia

155 2941 390 3016 dicunturad
403 2958 599 3034 terrorem;
615 2942 716 3042 qnod
727 2944 891 3041 arguitur
901 2969 945 3018 ex
957 2969 1015 3029 eo,
1025 2943 1128 3042 qnod
1138 2941 1237 3017 idem

155 3043 365 3141 Episcopus
392 3039 587 3140 posthanc
606 3043 903 3140 protestationem
923 3039 1007 3116 ante
1026 3042 1238 3128 Ordinatio·

157 3166 245 3213 nem
257 3140 454 3214 initiandos
472 3137 638 3213 absolvat
653 3144 673 3213 ὲ
713 3165 922 3262 uacnmtpue
937 3142 1239 3214 excommunica·

158 3240 277 3328 tione,
298 3238 562 3332 irregularitate
576 3265 586 3325 3
606 3252 676 3314 etc.
688 3167 768 3312 End
783 3238 912 3314 melius
932 3239 1040 3315 docet
1055 3239 1101 3314 N.
1118 3239 1179 3314 SS.
1196 3242 1235 3312 P.

159 3336 297 3409 Bened.
309 3339 408 3412 xtv.
427 3342 465 3410 in
483 3337 722 3412 celeberrimo
740 3340 861 3437 Opere
876 3393 885 3421 .
904 3336 950 3411 de
966 3338 1238 3431 Sacr.2Miss.,(a)

156 3448 246 3506 nect.
262 3460 282 3506 n
297 3433 328 3530 5
345 3459 390 3532 7⁰
407 3433 471 3508 ubi
487 3461 531 3511 ex
545 3436 699 3510 Decrcto
713 3437 748 3510 S.
764 3440 805 3511 C.
819 3436 975 3512 Concilii
989 3435 1096 3521 dicit,
1110 3438 1150 3509 iu
1166 3435 1238 3508 hoc

157 3557 247 3612 earn
272 3532 568 3629 interrogandum
589 3561 667 3607 esse
691 3536 916 3636 Episcopum
942 3535 1174 3609 ordinantem
1192 3532 1239 3606 de

136 3639 140 3644 ’
156 3657 222 3704 sna
239 3632 460 3717 intentione,
474 3646 510 3705 et
522 3636 551 3705 si
567 3633 645 3732 ipsc
659 3650 813 3718 asserat,
829 3659 866 3708 se
881 3659 986 3708 enam
998 3634 1238 3707 intentionem

160 3731 415 3829 protestationi
431 3728 493 3801 atti
519 3734 621 3818 nese,
636 3732 913 3818 Ordinationem
928 3729 1095 3807 absolute
1111 3732 1241 3804 iteran-

149 3828 247 3904 dam
265 3853 365 3919 esse3
385 3829 416 3901 si
432 3755 518 3901 reri
534 3831 710 3931 Episcopi
736 3832 890 3905 intentio
906 3834 954 3905 sit
971 3829 1104 3918 dubia,
1123 3828 1240 3902 Ordi-

160 3925 263 4000 natio
280 3942 335 4014 est
354 3926 423 4000 sub
444 3927 659 4001 conditione
679 3928 890 4030 repetenda.
909 3929 958 4001 Et
977 3929 1029 4001 sic
1045 3927 1186 4027 pluries
1202 3927 1237 3999 S.

161 4026 203 4097 C.
222 4030 405 4100 censuisse
419 4026 628 4100 iaciendum
649 4027 756 4100 refert
772 4030 812 4102 P.
829 4026 1003 4101 Zacharia
1018 4052 1074 4123 ap.
1089 4025 1198 4100 Croix
1211 4023 1241 4100 1.
