<?xml version="1.0" encoding="UTF-8"?>
<!DOCTYPE html PUBLIC "-//W3C//DTD XHTML 1.0 Transitional//EN"
    "http://www.w3.org/TR/xhtml1/DTD/xhtml1-transitional.dtd">
<html xmlns="http://www.w3.org/1999/xhtml" xml:lang="en" lang="en">
 <head>
  <title>
</title>
<meta http-equiv="Content-Type" content="text/html;charset=utf-8" />
  <meta name='ocr-system' content='tesseract 3.04.00' />
  <meta name='ocr-capabilities' content='ocr_page ocr_carea ocr_par ocr_line ocrx_word'/>
</head>
<body>
  <div class='ocr_page' id='page_1' title='image "./theologiamorali05ligugoog_0140.png"; bbox 0 0 2917 4709; ppageno 0'>
   <div class='ocr_carea' id='block_1_1' title="bbox 288 220 1250 325">
    <p class='ocr_par' dir='ltr' id='par_1_1' title="bbox 288 220 1250 325">
     <span class='ocr_line' id='line_1_1' title="bbox 288 220 1250 325; baseline -0.003 -31"><span class='ocrx_word' id='word_1_1' title='bbox 288 223 349 294; x_wconf 74' lang='lat' dir='ltr'><strong>aad</strong></span> <span class='ocrx_word' id='word_1_2' title='bbox 389 224 463 291; x_wconf 84' lang='lat' dir='ltr'><strong>Lib.</strong></span> <span class='ocrx_word' id='word_1_3' title='bbox 482 223 541 292; x_wconf 78' lang='lat' dir='ltr'><strong>vl.</strong></span> <span class='ocrx_word' id='word_1_4' title='bbox 558 223 666 291; x_wconf 84' lang='lat' dir='ltr'><strong>Tract.</strong></span> <span class='ocrx_word' id='word_1_5' title='bbox 682 222 810 308; x_wconf 67' lang='lat' dir='ltr'><strong>titus</strong></span> <span class='ocrx_word' id='word_1_6' title='bbox 822 220 1028 325; x_wconf 61' lang='lat' dir='ltr'><strong>&amp;eramento</strong></span> <span class='ocrx_word' id='word_1_7' title='bbox 1044 222 1250 291; x_wconf 71' lang='lat' dir='ltr'><strong>Paenitentia.</strong></span> 
     </span>
    </p>
   </div>
   <div class='ocr_carea' id='block_1_2' title="bbox 225 332 1448 3283">
    <p class='ocr_par' dir='ltr' id='par_1_2' title="bbox 286 332 1359 433">
     <span class='ocr_line' id='line_1_2' title="bbox 286 332 1359 433; baseline 0.007 -30"><span class='ocrx_word' id='word_1_8' title='bbox 286 370 303 403; x_wconf 67' lang='lat' dir='ltr'><strong>s</strong></span> <span class='ocrx_word' id='word_1_9' title='bbox 335 332 601 409; x_wconf 79' lang='lat' dir='ltr'><strong>Sacerdotibus.</strong></span> <span class='ocrx_word' id='word_1_10' title='bbox 617 334 653 407; x_wconf 88' lang='grc'><strong>6.</strong></span> <span class='ocrx_word' id='word_1_11' title='bbox 673 336 858 433; x_wconf 87' lang='lat' dir='ltr'><strong>Requisita</strong></span> <span class='ocrx_word' id='word_1_12' title='bbox 887 335 925 407; x_wconf 89' lang='lat' dir='ltr'><strong>in</strong></span> <span class='ocrx_word' id='word_1_13' title='bbox 947 335 1147 432; x_wconf 76' lang='lat' dir='ltr'><strong>poenitente</strong></span> <span class='ocrx_word' id='word_1_14' title='bbox 1166 337 1213 409; x_wconf 85' lang='lat' dir='ltr'><strong>ad</strong></span> <span class='ocrx_word' id='word_1_15' title='bbox 1230 335 1359 412; x_wconf 77' lang='lat' dir='ltr'><strong>bonam</strong></span> 
     </span>
    </p>

    <p class='ocr_par' dir='ltr' id='par_1_3' title="bbox 278 432 1363 535">
     <span class='ocr_line' id='line_1_3' title="bbox 278 432 1363 535; baseline -0.001 -24"><span class='ocrx_word' id='word_1_16' title='bbox 278 464 306 511; x_wconf 34' lang='grc' dir='ltr'><strong>ι»</strong></span> <span class='ocrx_word' id='word_1_17' title='bbox 335 434 623 534; x_wconf 73' lang='lat' dir='ltr'><strong>dispositionem.</strong></span> <span class='ocrx_word' id='word_1_18' title='bbox 643 456 678 531; x_wconf 84' lang='lat'><strong>7.</strong></span> <span class='ocrx_word' id='word_1_19' title='bbox 697 432 870 506; x_wconf 87' lang='lat' dir='ltr'><strong>Remedia</strong></span> <span class='ocrx_word' id='word_1_20' title='bbox 891 435 1047 532; x_wconf 88' lang='lat' dir='ltr'><strong>peccatis</strong></span> <span class='ocrx_word' id='word_1_21' title='bbox 1059 438 1363 535; x_wconf 73' lang='lat' dir='ltr'><strong>opportunacir·</strong></span> 
     </span>
    </p>

    <p class='ocr_par' dir='ltr' id='par_1_4' title="bbox 286 531 1448 733">
     <span class='ocr_line' id='line_1_4' title="bbox 286 531 1448 633; baseline 0.003 -33"><span class='ocrx_word' id='word_1_22' title='bbox 286 566 305 600; x_wconf 69' lang='lat' dir='ltr'><em>n</em></span> <span class='ocrx_word' id='word_1_23' title='bbox 337 538 378 605; x_wconf 76' lang='lat' dir='ltr'><strong>ca</strong></span> <span class='ocrx_word' id='word_1_24' title='bbox 394 557 477 633; x_wconf 84' lang='lat' dir='ltr'><strong>quae</strong></span> <span class='ocrx_word' id='word_1_25' title='bbox 497 533 620 605; x_wconf 85' lang='lat' dir='ltr'><strong>omnia</strong></span> <span class='ocrx_word' id='word_1_26' title='bbox 637 540 813 605; x_wconf 86' lang='lat' dir='ltr'><strong>notantur</strong></span> <span class='ocrx_word' id='word_1_27' title='bbox 833 531 911 606; x_wconf 75' lang='lat' dir='ltr'><strong>haec</strong></span> <span class='ocrx_word' id='word_1_28' title='bbox 923 535 1012 605; x_wconf 79' lang='lat' dir='ltr'><strong>tria.</strong></span> <span class='ocrx_word' id='word_1_29' title='bbox 1447 612 1448 633; x_wconf 29' lang='grc'><strong>7</strong></span> 
     </span>
     <span class='ocr_line' id='line_1_5' title="bbox 335 629 1448 733; baseline 0.002 -32"><span class='ocrx_word' id='word_1_30' title='bbox 335 662 356 701; x_wconf 74' lang='grc' dir='ltr'><strong>ι)</strong></span> <span class='ocrx_word' id='word_1_31' title='bbox 388 633 505 703; x_wconf 76' lang='lat' dir='ltr'><strong>Primo</strong></span> <span class='ocrx_word' id='word_1_32' title='bbox 524 630 742 716; x_wconf 86' lang='lat' dir='ltr'><strong>sufficere‚si</strong></span> <span class='ocrx_word' id='word_1_33' title='bbox 755 656 795 703; x_wconf 85' lang='lat' dir='ltr'><strong>ea</strong></span> <span class='ocrx_word' id='word_1_34' title='bbox 810 636 900 703; x_wconf 88' lang='lat' dir='ltr'><strong>sciat</strong></span> <span class='ocrx_word' id='word_1_35' title='bbox 918 629 1222 716; x_wconf 53' lang='lat' dir='ltr'><strong>mediocriterne</strong></span> <span class='ocrx_word' id='word_1_36' title='bbox 1237 646 1278 704; x_wconf 89' lang='lat' dir='ltr'><strong>ut</strong></span> <span class='ocrx_word' id='word_1_37' title='bbox 1293 631 1360 703; x_wconf 85' lang='lat' dir='ltr'><strong>sal·</strong></span> <span class='ocrx_word' id='word_1_38' title='bbox 1389 630 1393 638; x_wconf 85' lang='lat'>&#39;</span> <span class='ocrx_word' id='word_1_39' title='bbox 1447 640 1448 733; x_wconf 56' lang='lat' dir='ltr'><strong>i</strong></span> 
     </span>
    </p>

    <p class='ocr_par' dir='ltr' id='par_1_5' title="bbox 284 718 1448 829">
     <span class='ocr_line' id='line_1_6' title="bbox 284 718 1448 829; baseline -0.001 -26"><span class='ocrx_word' id='word_1_40' title='bbox 284 762 307 803; x_wconf 78' lang='lat' dir='ltr'><strong>n</strong></span> <span class='ocrx_word' id='word_1_41' title='bbox 336 729 411 802; x_wconf 67' lang='lat' dir='ltr'><strong>tim</strong></span> <span class='ocrx_word' id='word_1_42' title='bbox 427 733 524 802; x_wconf 90' lang='lat' dir='ltr'><strong>norit</strong></span> <span class='ocrx_word' id='word_1_43' title='bbox 543 728 743 829; x_wconf 85' lang='lat' dir='ltr'><strong>prudenter</strong></span> <span class='ocrx_word' id='word_1_44' title='bbox 756 729 802 801; x_wconf 91' lang='lat' dir='ltr'><strong>de</strong></span> <span class='ocrx_word' id='word_1_45' title='bbox 826 718 998 802; x_wconf 78' lang='lat' dir='ltr'><strong>omnibus</strong></span> <span class='ocrx_word' id='word_1_46' title='bbox 1020 728 1213 815; x_wconf 85' lang='lat' dir='ltr'><strong>dubitare,</strong></span> <span class='ocrx_word' id='word_1_47' title='bbox 1232 728 1361 803; x_wconf 84' lang='lat' dir='ltr'><strong>etdoo·</strong></span> <span class='ocrx_word' id='word_1_48' title='bbox 1447 750 1448 815; x_wconf 68' lang='grc' dir='ltr'>ἴ</span> 
     </span>
    </p>

    <p class='ocr_par' dir='ltr' id='par_1_6' title="bbox 289 824 1448 920">
     <span class='ocr_line' id='line_1_7' title="bbox 289 824 1448 920; baseline 0 -17"><span class='ocrx_word' id='word_1_49' title='bbox 289 856 308 903; x_wconf 84' lang='grc' dir='ltr'><strong>ιι</strong></span> <span class='ocrx_word' id='word_1_50' title='bbox 336 834 446 902; x_wconf 88' lang='lat' dir='ltr'><strong>tiores</strong></span> <span class='ocrx_word' id='word_1_51' title='bbox 475 855 536 913; x_wconf 90' lang='lat' dir='ltr'><strong>se,</strong></span> <span class='ocrx_word' id='word_1_52' title='bbox 562 826 617 900; x_wconf 83' lang='lat' dir='ltr'><strong>vel</strong></span> <span class='ocrx_word' id='word_1_53' title='bbox 644 826 757 901; x_wconf 85' lang='lat' dir='ltr'><strong>libros</strong></span> <span class='ocrx_word' id='word_1_54' title='bbox 785 827 990 901; x_wconf 84' lang='lat' dir='ltr'><strong>consulere.</strong></span> <span class='ocrx_word' id='word_1_55' title='bbox 1020 826 1360 920; x_wconf 79' lang='lat' dir='ltr'><strong>*(Meiii1sdicunt</strong></span> <span class='ocrx_word' id='word_1_56' title='bbox 1447 824 1448 831; x_wconf 50' lang='lat'><em>&#39;</em></span> 
     </span>
    </p>

    <p class='ocr_par' dir='ltr' id='par_1_7' title="bbox 283 926 1360 1025">
     <span class='ocr_line' id='line_1_8' title="bbox 283 926 1360 1025; baseline -0.003 -24"><span class='ocrx_word' id='word_1_57' title='bbox 283 958 306 1001; x_wconf 77' lang='lat' dir='ltr'><strong>n</strong></span> <span class='ocrx_word' id='word_1_58' title='bbox 334 926 433 999; x_wconf 87' lang='lat' dir='ltr'><strong>Salm</strong></span> <span class='ocrx_word' id='word_1_59' title='bbox 452 927 499 999; x_wconf 90' lang='lat' dir='ltr'><strong>de</strong></span> <span class='ocrx_word' id='word_1_60' title='bbox 516 929 620 999; x_wconf 87' lang='lat' dir='ltr'><strong>Poen.</strong></span> <span class='ocrx_word' id='word_1_61' title='bbox 639 952 671 999; x_wconf 89' lang='lat' dir='ltr'><strong>e.</strong></span> <span class='ocrx_word' id='word_1_62' title='bbox 696 954 751 1000; x_wconf 70' lang='grc' dir='ltr'><strong>ια.</strong></span> <span class='ocrx_word' id='word_1_63' title='bbox 769 953 806 999; x_wconf 87' lang='grc' dir='ltr'><strong>ιι.</strong></span> <span class='ocrx_word' id='word_1_64' title='bbox 829 949 861 1025; x_wconf 91' lang='grc'><strong>7.</strong></span> <span class='ocrx_word' id='word_1_65' title='bbox 878 950 967 999; x_wconf 89' lang='lat' dir='ltr'><strong>cum</strong></span> <span class='ocrx_word' id='word_1_66' title='bbox 986 926 1087 998; x_wconf 85' lang='lat' dir='ltr'><strong>Suar.</strong></span> <span class='ocrx_word' id='word_1_67' title='bbox 1106 941 1143 998; x_wconf 89' lang='lat' dir='ltr'><strong>et</strong></span> <span class='ocrx_word' id='word_1_68' title='bbox 1160 927 1360 1017; x_wconf 86' lang='lat' dir='ltr'><strong>communi,</strong></span> 
     </span>
    </p>

    <p class='ocr_par' dir='ltr' id='par_1_8' title="bbox 285 1019 1364 1124">
     <span class='ocr_line' id='line_1_9' title="bbox 285 1019 1364 1124; baseline 0.003 -31"><span class='ocrx_word' id='word_1_69' title='bbox 285 1053 304 1092; x_wconf 78' lang='lat' dir='ltr'><strong>s</strong></span> <span class='ocrx_word' id='word_1_70' title='bbox 333 1026 423 1096; x_wconf 70' lang='lat' dir='ltr'><strong>sarrs</strong></span> <span class='ocrx_word' id='word_1_71' title='bbox 441 1051 539 1114; x_wconf 64' lang='lat' dir='ltr'><strong>esse,</strong></span> <span class='ocrx_word' id='word_1_72' title='bbox 556 1025 592 1095; x_wconf 83' lang='lat' dir='ltr'><strong>si</strong></span> <span class='ocrx_word' id='word_1_73' title='bbox 607 1021 855 1105; x_wconf 76' lang='lat' dir='ltr'><strong>Confessen‘us</strong></span> <span class='ocrx_word' id='word_1_74' title='bbox 870 1022 1053 1122; x_wconf 54' lang='lat' dir='ltr'><strong>intelligat,</strong></span> <span class='ocrx_word' id='word_1_75' title='bbox 1072 1019 1364 1124; x_wconf 78' lang='lat' dir='ltr'><strong>quoefrequentids</strong></span> 
     </span>
    </p>

    <p class='ocr_par' dir='ltr' id='par_1_9' title="bbox 286 1121 1448 1320">
     <span class='ocr_line' id='line_1_10' title="bbox 286 1121 1448 1217; baseline 0.003 -23"><span class='ocrx_word' id='word_1_76' title='bbox 286 1153 304 1194; x_wconf 75' lang='lat' dir='ltr'><strong>a</strong></span> <span class='ocrx_word' id='word_1_77' title='bbox 333 1124 495 1197; x_wconf 83' lang='lat' dir='ltr'><strong>accidunt</strong></span> <span class='ocrx_word' id='word_1_78' title='bbox 511 1177 521 1207; x_wconf 80' lang='grc'><em>,</em></span> <span class='ocrx_word' id='word_1_79' title='bbox 536 1138 572 1193; x_wconf 82' lang='lat' dir='ltr'><strong>et</strong></span> <span class='ocrx_word' id='word_1_80' title='bbox 587 1121 632 1194; x_wconf 85' lang='lat' dir='ltr'><strong>de</strong></span> <span class='ocrx_word' id='word_1_81' title='bbox 647 1124 726 1195; x_wconf 66' lang='lat' dir='ltr'><strong>altis</strong></span> <span class='ocrx_word' id='word_1_82' title='bbox 740 1122 830 1195; x_wconf 83' lang='lat' dir='ltr'><strong>sciat</strong></span> <span class='ocrx_word' id='word_1_83' title='bbox 843 1121 1010 1195; x_wconf 77' lang='lat' dir='ltr'><strong>dubitare.</strong></span> <span class='ocrx_word' id='word_1_84' title='bbox 1027 1121 1042 1217; x_wconf 91' lang='lat'><em>)</em></span> <span class='ocrx_word' id='word_1_85' title='bbox 1058 1122 1076 1157; x_wconf 72' lang='lat'><strong>⁹</strong></span> <span class='ocrx_word' id='word_1_86' title='bbox 1447 1190 1448 1197; x_wconf 74' lang='grc'>,</span> 
     </span>
     <span class='ocr_line' id='line_1_11' title="bbox 335 1218 1448 1320; baseline 0 -28"><span class='ocrx_word' id='word_1_87' title='bbox 335 1252 352 1285; x_wconf 72' lang='grc' dir='ltr'><strong>ι</strong></span> <span class='ocrx_word' id='word_1_88' title='bbox 382 1218 539 1292; x_wconf 75' lang='lat' dir='ltr'><strong>Secundo</strong></span> <span class='ocrx_word' id='word_1_89' title='bbox 550 1273 559 1304; x_wconf 88' lang='lat'>‚</span> <span class='ocrx_word' id='word_1_90' title='bbox 570 1224 768 1320; x_wconf 83' lang='lat' dir='ltr'><strong>majorem,</strong></span> <span class='ocrx_word' id='word_1_91' title='bbox 784 1219 1039 1318; x_wconf 81' lang='lat' dir='ltr'><strong>minoremque</strong></span> <span class='ocrx_word' id='word_1_92' title='bbox 1055 1221 1195 1319; x_wconf 81' lang='lat' dir='ltr'><strong>requiri</strong></span> <span class='ocrx_word' id='word_1_93' title='bbox 1208 1278 1220 1308; x_wconf 89' lang='lat'><em>,</em></span> <span class='ocrx_word' id='word_1_94' title='bbox 1235 1245 1277 1293; x_wconf 88' lang='lat' dir='ltr'><strong>ac</strong></span> <span class='ocrx_word' id='word_1_95' title='bbox 1295 1218 1367 1293; x_wconf 74' lang='lat' dir='ltr'><strong>suf·</strong></span> <span class='ocrx_word' id='word_1_96' title='bbox 1447 1218 1448 1269; x_wconf 49' lang='grc' dir='ltr'><em>ἕ</em></span> 
     </span>
    </p>

    <p class='ocr_par' dir='ltr' id='par_1_10' title="bbox 286 1316 1366 1419">
     <span class='ocr_line' id='line_1_12' title="bbox 286 1316 1366 1419; baseline 0 -30"><span class='ocrx_word' id='word_1_97' title='bbox 286 1350 307 1389; x_wconf 75' lang='lat' dir='ltr'><strong>a</strong></span> <span class='ocrx_word' id='word_1_98' title='bbox 336 1320 444 1392; x_wconf 88' lang='lat' dir='ltr'><strong>ficere</strong></span> <span class='ocrx_word' id='word_1_99' title='bbox 459 1319 667 1402; x_wconf 86' lang='lat' dir='ltr'><strong>scientiam,</strong></span> <span class='ocrx_word' id='word_1_100' title='bbox 689 1344 757 1417; x_wconf 88' lang='lat' dir='ltr'><strong>pro</strong></span> <span class='ocrx_word' id='word_1_101' title='bbox 772 1317 980 1390; x_wconf 82' lang='lat' dir='ltr'><strong>diversitate</strong></span> <span class='ocrx_word' id='word_1_102' title='bbox 995 1318 1164 1392; x_wconf 86' lang='lat' dir='ltr'><strong>iocorum</strong></span> <span class='ocrx_word' id='word_1_103' title='bbox 1175 1374 1184 1407; x_wconf 87' lang='grc'>,</span> <span class='ocrx_word' id='word_1_104' title='bbox 1196 1332 1235 1407; x_wconf 83' lang='lat' dir='ltr'><strong>et</strong></span> <span class='ocrx_word' id='word_1_105' title='bbox 1251 1316 1366 1419; x_wconf 86' lang='lat' dir='ltr'><strong>poeni·</strong></span> 
     </span>
    </p>

    <p class='ocr_par' dir='ltr' id='par_1_11' title="bbox 286 1416 1448 1615">
     <span class='ocr_line' id='line_1_13' title="bbox 286 1416 1098 1515; baseline -0.005 -24"><span class='ocrx_word' id='word_1_106' title='bbox 286 1448 307 1490; x_wconf 78' lang='lat' dir='ltr'><strong>a</strong></span> <span class='ocrx_word' id='word_1_107' title='bbox 337 1420 506 1490; x_wconf 82' lang='lat' dir='ltr'><strong>tentiam.</strong></span> <span class='ocrx_word' id='word_1_108' title='bbox 526 1419 616 1490; x_wconf 87' lang='lat' dir='ltr'><strong>Bon.</strong></span> <span class='ocrx_word' id='word_1_109' title='bbox 639 1416 723 1491; x_wconf 91' lang='lat' dir='ltr'><strong>dist.</strong></span> <span class='ocrx_word' id='word_1_110' title='bbox 741 1418 776 1490; x_wconf 89' lang='lat'><strong>5.</strong></span> <span class='ocrx_word' id='word_1_111' title='bbox 798 1442 835 1515; x_wconf 88' lang='lat' dir='ltr'><strong>q.</strong></span> <span class='ocrx_word' id='word_1_112' title='bbox 850 1439 885 1513; x_wconf 89' lang='grc'><strong>7.</strong></span> <span class='ocrx_word' id='word_1_113' title='bbox 904 1443 941 1514; x_wconf 89' lang='lat' dir='ltr'><strong>p.</strong></span> <span class='ocrx_word' id='word_1_114' title='bbox 957 1441 989 1488; x_wconf 80' lang='lat' dir='ltr'><strong>a.</strong></span> <span class='ocrx_word' id='word_1_115' title='bbox 1009 1416 1040 1512; x_wconf 68' lang='grc'><strong>5.</strong></span> <span class='ocrx_word' id='word_1_116' title='bbox 1061 1442 1098 1489; x_wconf 85' lang='lat'><strong>2.</strong></span> 
     </span>
     <span class='ocr_line' id='line_1_14' title="bbox 337 1512 1448 1615; baseline 0.005 -34"><span class='ocrx_word' id='word_1_117' title='bbox 337 1548 354 1581; x_wconf 72' lang='lat' dir='ltr'><strong>s</strong></span> <span class='ocrx_word' id='word_1_118' title='bbox 389 1516 526 1600; x_wconf 67' lang='lat' dir='ltr'><strong>Tertio,</strong></span> <span class='ocrx_word' id='word_1_119' title='bbox 545 1517 700 1611; x_wconf 82' lang='lat' dir='ltr'><strong>graviter</strong></span> <span class='ocrx_word' id='word_1_120' title='bbox 714 1538 867 1614; x_wconf 89' lang='lat' dir='ltr'><strong>peccare</strong></span> <span class='ocrx_word' id='word_1_121' title='bbox 884 1530 966 1585; x_wconf 90' lang='lat' dir='ltr'><strong>tum</strong></span> <span class='ocrx_word' id='word_1_122' title='bbox 983 1539 1092 1601; x_wconf 89' lang='lat' dir='ltr'><strong>eum,</strong></span> <span class='ocrx_word' id='word_1_123' title='bbox 1110 1513 1177 1614; x_wconf 90' lang='lat' dir='ltr'><strong>qui</strong></span> <span class='ocrx_word' id='word_1_124' title='bbox 1198 1514 1280 1587; x_wconf 85' lang='lat' dir='ltr'><strong>siue</strong></span> <span class='ocrx_word' id='word_1_125' title='bbox 1299 1512 1368 1587; x_wconf 85' lang='lat' dir='ltr'><strong>auf·</strong></span> <span class='ocrx_word' id='word_1_126' title='bbox 1447 1594 1448 1615; x_wconf 27' lang='grc'><strong>7</strong></span> 
     </span>
    </p>

    <p class='ocr_par' dir='ltr' id='par_1_12' title="bbox 286 1613 1448 1709">
     <span class='ocr_line' id='line_1_15' title="bbox 286 1613 1448 1709; baseline 0 -25"><span class='ocrx_word' id='word_1_127' title='bbox 286 1643 305 1684; x_wconf 74' lang='lat' dir='ltr'><strong>a</strong></span> <span class='ocrx_word' id='word_1_128' title='bbox 337 1613 474 1686; x_wconf 85' lang='lat' dir='ltr'><strong>ficienti</strong></span> <span class='ocrx_word' id='word_1_129' title='bbox 493 1615 642 1697; x_wconf 84' lang='lat' dir='ltr'><strong>scientia</strong></span> <span class='ocrx_word' id='word_1_130' title='bbox 663 1614 751 1687; x_wconf 83' lang='lat' dir='ltr'><strong>huic</strong></span> <span class='ocrx_word' id='word_1_131' title='bbox 770 1614 916 1687; x_wconf 87' lang='lat' dir='ltr'><strong>muneri</strong></span> <span class='ocrx_word' id='word_1_132' title='bbox 933 1637 974 1684; x_wconf 85' lang='lat' dir='ltr'><strong>se</strong></span> <span class='ocrx_word' id='word_1_133' title='bbox 996 1614 1245 1709; x_wconf 75' lang='lat' dir='ltr'><strong>ingerit31um</strong></span> <span class='ocrx_word' id='word_1_134' title='bbox 1267 1638 1367 1696; x_wconf 82' lang='lat' dir='ltr'><strong>eum,</strong></span> <span class='ocrx_word' id='word_1_135' title='bbox 1447 1626 1448 1703; x_wconf 53' lang='grc'><strong>7</strong></span> 
     </span>
    </p>

    <p class='ocr_par' dir='ltr' id='par_1_13' title="bbox 287 1712 1369 1811">
     <span class='ocr_line' id='line_1_16' title="bbox 287 1712 1369 1811; baseline 0.001 -30"><span class='ocrx_word' id='word_1_136' title='bbox 287 1743 305 1781; x_wconf 73' lang='lat' dir='ltr'><strong>s</strong></span> <span class='ocrx_word' id='word_1_137' title='bbox 338 1715 401 1811; x_wconf 89' lang='lat' dir='ltr'><strong>qni</strong></span> <span class='ocrx_word' id='word_1_138' title='bbox 433 1713 543 1784; x_wconf 83' lang='lat' dir='ltr'><strong>talem</strong></span> <span class='ocrx_word' id='word_1_139' title='bbox 573 1713 652 1785; x_wconf 88' lang='lat' dir='ltr'><strong>sine</strong></span> <span class='ocrx_word' id='word_1_140' title='bbox 679 1712 894 1786; x_wconf 80' lang='lat' dir='ltr'><strong>necessitate</strong></span> <span class='ocrx_word' id='word_1_141' title='bbox 923 1712 1138 1811; x_wconf 63' lang='lat' dir='ltr'><strong>constituit,</strong></span> <span class='ocrx_word' id='word_1_142' title='bbox 1173 1724 1259 1798; x_wconf 84' lang='lat' dir='ltr'><strong>aut,</strong></span> <span class='ocrx_word' id='word_1_143' title='bbox 1287 1737 1369 1783; x_wconf 83' lang='lat' dir='ltr'><strong>cnm</strong></span> 
     </span>
    </p>

    <p class='ocr_par' dir='ltr' id='par_1_14' title="bbox 288 1807 1367 1982">
     <span class='ocr_line' id='line_1_17' title="bbox 288 1807 1367 1982; baseline -0.002 -101"><span class='ocrx_word' id='word_1_144' title='bbox 288 1843 308 1881; x_wconf 77' lang='lat' dir='ltr'><strong>n</strong></span> <span class='ocrx_word' id='word_1_145' title='bbox 336 1812 451 1982; x_wconf 89' lang='lat' dir='ltr'><strong>possit</strong></span> <span class='ocrx_word' id='word_1_146' title='bbox 468 1811 667 1911; x_wconf 85' lang='lat' dir='ltr'><strong>corrigere,</strong></span> <span class='ocrx_word' id='word_1_147' title='bbox 682 1812 824 1909; x_wconf 58' lang='lat' dir='ltr'><strong>tolerat,</strong></span> <span class='ocrx_word' id='word_1_148' title='bbox 842 1811 964 1910; x_wconf 80' lang='lat' dir='ltr'><strong>Laytn</strong></span> <span class='ocrx_word' id='word_1_149' title='bbox 977 1807 1043 1883; x_wconf 85' lang='lat' dir='ltr'><strong>lib.</strong></span> <span class='ocrx_word' id='word_1_150' title='bbox 1059 1810 1093 1883; x_wconf 84' lang='lat'><strong>5.</strong></span> <span class='ocrx_word' id='word_1_151' title='bbox 1107 1835 1188 1912; x_wconf 89' lang='lat' dir='ltr'><strong>cap.</strong></span> <span class='ocrx_word' id='word_1_152' title='bbox 1211 1808 1267 1883; x_wconf 72' lang='lat'><strong>13.</strong></span> <span class='ocrx_word' id='word_1_153' title='bbox 1279 1808 1367 1881; x_wconf 89' lang='lat' dir='ltr'><strong>Bon.</strong></span> 
     </span>
    </p>

    <p class='ocr_par' dir='ltr' id='par_1_15' title="bbox 287 1913 836 1982">
     <span class='ocr_line' id='line_1_18' title="bbox 287 1913 836 1982; baseline 0.011 -5"><span class='ocrx_word' id='word_1_154' title='bbox 287 1941 308 1979; x_wconf 75' lang='grc' dir='ltr'><strong>ι)</strong></span> <span class='ocrx_word' id='word_1_155' title='bbox 355 1913 485 1982; x_wconf 88' lang='lat' dir='ltr'><strong>.c.Lu</strong></span> <span class='ocrx_word' id='word_1_156' title='bbox 514 1935 550 1982; x_wconf 88' lang='lat' dir='ltr'><strong>o.</strong></span> <span class='ocrx_word' id='word_1_157' title='bbox 577 1941 595 1974; x_wconf 72' lang='lat' dir='ltr'><strong>s</strong></span> <span class='ocrx_word' id='word_1_158' title='bbox 832 1970 836 1979; x_wconf 72' lang='grc'>,</span> 
     </span>
    </p>

    <p class='ocr_par' dir='ltr' id='par_1_16' title="bbox 225 1936 1448 2796">
     <span class='ocr_line' id='line_1_19' title="bbox 225 1936 1372 2127; baseline -0.003 -45"><span class='ocrx_word' id='word_1_159' title='bbox 225 2012 280 2066; x_wconf 71' lang='lat'><strong>⁴²⁸</strong></span> <span class='ocrx_word' id='word_1_160' title='bbox 337 1936 546 2082; x_wconf 68' lang='lat' dir='ltr'><strong>Excusatgur</strong></span> <span class='ocrx_word' id='word_1_161' title='bbox 559 2022 682 2080; x_wconf 86' lang='lat' dir='ltr'><strong>tamen</strong></span> <span class='ocrx_word' id='word_1_162' title='bbox 697 2006 946 2096; x_wconf 80' lang='lat' dir='ltr'><strong>Confessarius</strong></span> <span class='ocrx_word' id='word_1_163' title='bbox 961 2059 970 2090; x_wconf 84' lang='lat'>,</span> <span class='ocrx_word' id='word_1_164' title='bbox 987 2005 1053 2127; x_wconf 89' lang='lat' dir='ltr'><strong>qui</strong></span> <span class='ocrx_word' id='word_1_165' title='bbox 1067 2019 1167 2080; x_wconf 87' lang='lat' dir='ltr'><strong>caret</strong></span> <span class='ocrx_word' id='word_1_166' title='bbox 1181 2005 1372 2080; x_wconf 85' lang='lat' dir='ltr'><strong>sufficienti</strong></span> 
     </span>
     <span class='ocr_line' id='line_1_20' title="bbox 291 2104 1371 2205; baseline 0.001 -27"><span class='ocrx_word' id='word_1_167' title='bbox 291 2107 441 2178; x_wconf 88' lang='lat' dir='ltr'><strong>scientia</strong></span> <span class='ocrx_word' id='word_1_168' title='bbox 459 2160 467 2192; x_wconf 84' lang='lat'><em>,</em></span> <span class='ocrx_word' id='word_1_169' title='bbox 487 2106 519 2176; x_wconf 90' lang='lat' dir='ltr'><strong>si</strong></span> <span class='ocrx_word' id='word_1_170' title='bbox 537 2105 631 2178; x_wconf 89' lang='lat' dir='ltr'><strong>adsit</strong></span> <span class='ocrx_word' id='word_1_171' title='bbox 648 2105 841 2177; x_wconf 75' lang='lat' dir='ltr'><strong>necessitas</strong></span> <span class='ocrx_word' id='word_1_172' title='bbox 857 2159 867 2190; x_wconf 81' lang='lat'>‚</span> <span class='ocrx_word' id='word_1_173' title='bbox 884 2104 1060 2177; x_wconf 86' lang='lat' dir='ltr'><strong>nimirum</strong></span> <span class='ocrx_word' id='word_1_174' title='bbox 1079 2105 1109 2176; x_wconf 91' lang='lat' dir='ltr'><strong>si</strong></span> <span class='ocrx_word' id='word_1_175' title='bbox 1129 2104 1236 2177; x_wconf 86' lang='lat' dir='ltr'><strong>aiiter</strong></span> <span class='ocrx_word' id='word_1_176' title='bbox 1253 2106 1371 2205; x_wconf 87' lang='lat' dir='ltr'><strong>poeni·</strong></span> 
     </span>
     <span class='ocr_line' id='line_1_21' title="bbox 288 2200 1370 2292; baseline 0 -15"><span class='ocrx_word' id='word_1_177' title='bbox 288 2220 407 2278; x_wconf 88' lang='lat' dir='ltr'><strong>tentes</strong></span> <span class='ocrx_word' id='word_1_178' title='bbox 426 2202 605 2276; x_wconf 86' lang='lat' dir='ltr'><strong>deberent</strong></span> <span class='ocrx_word' id='word_1_179' title='bbox 631 2202 694 2274; x_wconf 79' lang='lat' dir='ltr'><strong>dit</strong></span> <span class='ocrx_word' id='word_1_180' title='bbox 714 2227 838 2276; x_wconf 87' lang='lat' dir='ltr'><strong>carcre</strong></span> <span class='ocrx_word' id='word_1_181' title='bbox 858 2200 1118 2292; x_wconf 82' lang='lat' dir='ltr'><strong>Confessione,</strong></span> <span class='ocrx_word' id='word_1_182' title='bbox 1138 2216 1180 2276; x_wconf 92' lang='lat' dir='ltr'><strong>ut</strong></span> <span class='ocrx_word' id='word_1_183' title='bbox 1194 2207 1316 2277; x_wconf 86' lang='lat' dir='ltr'><strong>evenit</strong></span> <span class='ocrx_word' id='word_1_184' title='bbox 1332 2204 1370 2277; x_wconf 87' lang='lat' dir='ltr'><strong>in</strong></span> 
     </span>
     <span class='ocr_line' id='line_1_22' title="bbox 289 2297 1371 2471; baseline -0.001 -94"><span class='ocrx_word' id='word_1_185' title='bbox 289 2303 464 2402; x_wconf 84' lang='lat' dir='ltr'><strong>captivis;</strong></span> <span class='ocrx_word' id='word_1_186' title='bbox 484 2303 536 2375; x_wconf 71' lang='lat' dir='ltr'><strong>lta</strong></span> <span class='ocrx_word' id='word_1_187' title='bbox 554 2303 645 2471; x_wconf 60' lang='lat' dir='ltr'><strong>Lusg.</strong></span> <span class='ocrx_word' id='word_1_188' title='bbox 675 2297 713 2374; x_wconf 90' lang='lat' dir='ltr'><strong>d.</strong></span> <span class='ocrx_word' id='word_1_189' title='bbox 745 2326 803 2373; x_wconf 80' lang='lat' dir='ltr'><strong>aa.</strong></span> <span class='ocrx_word' id='word_1_190' title='bbox 825 2327 862 2374; x_wconf 91' lang='lat' dir='ltr'><strong>n.</strong></span> <span class='ocrx_word' id='word_1_191' title='bbox 882 2303 943 2398; x_wconf 75' lang='grc'><strong>74.</strong></span> <span class='ocrx_word' id='word_1_192' title='bbox 968 2316 1003 2372; x_wconf 89' lang='lat' dir='ltr'><strong>et</strong></span> <span class='ocrx_word' id='word_1_193' title='bbox 1022 2301 1135 2374; x_wconf 84' lang='lat' dir='ltr'><strong>Salm.</strong></span> <span class='ocrx_word' id='word_1_194' title='bbox 1154 2298 1200 2373; x_wconf 91' lang='lat' dir='ltr'><strong>de</strong></span> <span class='ocrx_word' id='word_1_195' title='bbox 1216 2304 1320 2376; x_wconf 89' lang='lat' dir='ltr'><strong>Poen.</strong></span> <span class='ocrx_word' id='word_1_196' title='bbox 1338 2327 1371 2376; x_wconf 88' lang='lat' dir='ltr'><strong>c.</strong></span> 
     </span>
     <span class='ocr_line' id='line_1_23' title="bbox 296 2397 1448 2498; baseline -0.003 -22"><span class='ocrx_word' id='word_1_197' title='bbox 296 2416 584 2476; x_wconf 84' lang='lat' dir='ltr'><strong>12.n.12.cum</strong></span> <span class='ocrx_word' id='word_1_198' title='bbox 630 2425 706 2471; x_wconf 83' lang='lat' dir='ltr'><strong>aar.</strong></span> <span class='ocrx_word' id='word_1_199' title='bbox 734 2413 802 2471; x_wconf 88' lang='lat' dir='ltr'><strong>etc.</strong></span> <span class='ocrx_word' id='word_1_200' title='bbox 819 2397 867 2471; x_wconf 86' lang='lat' dir='ltr'><strong>Et</strong></span> <span class='ocrx_word' id='word_1_201' title='bbox 883 2399 982 2471; x_wconf 85' lang='lat' dir='ltr'><strong>idem</strong></span> <span class='ocrx_word' id='word_1_202' title='bbox 1007 2399 1138 2472; x_wconf 85' lang='lat' dir='ltr'><strong>dicunt</strong></span> <span class='ocrx_word' id='word_1_203' title='bbox 1154 2404 1257 2498; x_wconf 80' lang='lat' dir='ltr'><strong>Lago</strong></span> <span class='ocrx_word' id='word_1_204' title='bbox 1274 2398 1372 2474; x_wconf 69' lang='lat' dir='ltr'><strong>thet</strong></span> <span class='ocrx_word' id='word_1_205' title='bbox 1447 2490 1448 2495; x_wconf 9' lang='lat'>¹</span> 
     </span>
     <span class='ocr_line' id='line_1_24' title="bbox 288 2497 1448 2598; baseline -0.001 -24"><span class='ocrx_word' id='word_1_206' title='bbox 288 2504 424 2575; x_wconf 79' lang='lat' dir='ltr'><strong>Aversa</strong></span> <span class='ocrx_word' id='word_1_207' title='bbox 437 2524 495 2598; x_wconf 90' lang='lat' dir='ltr'><strong>ap.</strong></span> <span class='ocrx_word' id='word_1_208' title='bbox 511 2498 622 2571; x_wconf 84' lang='lat' dir='ltr'><strong>Saim.</strong></span> <span class='ocrx_word' id='word_1_209' title='bbox 643 2497 671 2570; x_wconf 85' lang='lat' dir='ltr'><strong>l.</strong></span> <span class='ocrx_word' id='word_1_210' title='bbox 690 2525 721 2571; x_wconf 89' lang='lat' dir='ltr'><strong>c.</strong></span> <span class='ocrx_word' id='word_1_211' title='bbox 744 2524 810 2597; x_wconf 88' lang='lat' dir='ltr'><strong>pro</strong></span> <span class='ocrx_word' id='word_1_212' title='bbox 827 2499 944 2593; x_wconf 81' lang='lat' dir='ltr'><strong>parvis</strong></span> <span class='ocrx_word' id='word_1_213' title='bbox 957 2497 1123 2598; x_wconf 85' lang='lat' dir='ltr'><strong>oppidis,</strong></span> <span class='ocrx_word' id='word_1_214' title='bbox 1144 2512 1206 2571; x_wconf 87' lang='lat' dir='ltr'><strong>aut</strong></span> <span class='ocrx_word' id='word_1_215' title='bbox 1220 2498 1372 2572; x_wconf 85' lang='lat' dir='ltr'><strong>triremi·</strong></span> <span class='ocrx_word' id='word_1_216' title='bbox 1447 2508 1448 2573; x_wconf 77' lang='lat' dir='ltr'><strong>i</strong></span> 
     </span>
     <span class='ocr_line' id='line_1_25' title="bbox 291 2595 1448 2696; baseline -0.002 -25"><span class='ocrx_word' id='word_1_217' title='bbox 291 2597 386 2687; x_wconf 86' lang='lat' dir='ltr'><strong>bus,</strong></span> <span class='ocrx_word' id='word_1_218' title='bbox 404 2597 467 2669; x_wconf 87' lang='lat' dir='ltr'><strong>ubi</strong></span> <span class='ocrx_word' id='word_1_219' title='bbox 485 2603 551 2689; x_wconf 87' lang='lat' dir='ltr'><strong>(ut</strong></span> <span class='ocrx_word' id='word_1_220' title='bbox 566 2598 696 2693; x_wconf 79' lang='lat' dir='ltr'><strong>ajunt)</strong></span> <span class='ocrx_word' id='word_1_221' title='bbox 713 2651 722 2680; x_wconf 85' lang='lat'>,</span> <span class='ocrx_word' id='word_1_222' title='bbox 739 2598 767 2668; x_wconf 95' lang='lat' dir='ltr'><strong>si</strong></span> <span class='ocrx_word' id='word_1_223' title='bbox 785 2595 914 2668; x_wconf 88' lang='lat' dir='ltr'><strong>haberi</strong></span> <span class='ocrx_word' id='word_1_224' title='bbox 932 2609 1122 2696; x_wconf 88' lang='lat' dir='ltr'><strong>nequeunt</strong></span> <span class='ocrx_word' id='word_1_225' title='bbox 1137 2595 1237 2670; x_wconf 83' lang='lat' dir='ltr'><strong>docti</strong></span> <span class='ocrx_word' id='word_1_226' title='bbox 1253 2599 1374 2669; x_wconf 85' lang='lat' dir='ltr'><strong>Sacer·</strong></span> <span class='ocrx_word' id='word_1_227' title='bbox 1447 2628 1448 2685; x_wconf 68' lang='grc' dir='ltr'><strong>ι</strong></span> 
     </span>
     <span class='ocr_line' id='line_1_26' title="bbox 290 2691 1372 2796; baseline 0 -28"><span class='ocrx_word' id='word_1_228' title='bbox 290 2695 414 2779; x_wconf 81' lang='lat' dir='ltr'><strong>dotes,</strong></span> <span class='ocrx_word' id='word_1_229' title='bbox 431 2696 597 2794; x_wconf 88' lang='lat' dir='ltr'><strong>deputari</strong></span> <span class='ocrx_word' id='word_1_230' title='bbox 627 2708 781 2793; x_wconf 87' lang='lat' dir='ltr'><strong>possunt</strong></span> <span class='ocrx_word' id='word_1_231' title='bbox 805 2691 925 2765; x_wconf 78' lang='lat' dir='ltr'><strong>minus</strong></span> <span class='ocrx_word' id='word_1_232' title='bbox 946 2692 1069 2780; x_wconf 89' lang='lat' dir='ltr'><strong>docti,</strong></span> <span class='ocrx_word' id='word_1_233' title='bbox 1089 2693 1216 2792; x_wconf 89' lang='lat' dir='ltr'><strong>quales</strong></span> <span class='ocrx_word' id='word_1_234' title='bbox 1233 2699 1372 2796; x_wconf 88' lang='lat' dir='ltr'><strong>possint</strong></span> 
     </span>
    </p>

    <p class='ocr_par' dir='ltr' id='par_1_17' title="bbox 290 2786 1448 2966">
     <span class='ocr_line' id='line_1_27' title="bbox 290 2786 1448 2966; baseline 0.001 -100"><span class='ocrx_word' id='word_1_235' title='bbox 290 2792 683 2966; x_wconf 49' lang='lat' dir='ltr'><strong>hroberidddmonendi</strong></span> <span class='ocrx_word' id='word_1_236' title='bbox 701 2808 823 2865; x_wconf 83' lang='lat' dir='ltr'><strong>tamen</strong></span> <span class='ocrx_word' id='word_1_237' title='bbox 838 2792 877 2863; x_wconf 92' lang='lat' dir='ltr'><strong>hi</strong></span> <span class='ocrx_word' id='word_1_238' title='bbox 893 2807 978 2865; x_wconf 85' lang='lat' dir='ltr'><strong>suut</strong></span> <span class='ocrx_word' id='word_1_239' title='bbox 993 2788 1039 2866; x_wconf 91' lang='lat' dir='ltr'><strong>de</strong></span> <span class='ocrx_word' id='word_1_240' title='bbox 1063 2790 1288 2891; x_wconf 84' lang='lat' dir='ltr'><strong>obligatione</strong></span> <span class='ocrx_word' id='word_1_241' title='bbox 1307 2792 1373 2867; x_wconf 86' lang='lat' dir='ltr'><strong>ad·</strong></span> <span class='ocrx_word' id='word_1_242' title='bbox 1447 2786 1448 2867; x_wconf 72' lang='lat' dir='ltr'><strong>i</strong></span> 
     </span>
    </p>

    <p class='ocr_par' dir='ltr' id='par_1_18' title="bbox 318 2916 1448 2967">
     <span class='ocr_line' id='line_1_28' title="bbox 318 2916 1448 2967; baseline -0.003 -1"><span class='ocrx_word' id='word_1_243' title='bbox 318 2920 415 2967; x_wconf 87' lang='lat' dir='ltr'><strong>rscen</strong></span> <span class='ocrx_word' id='word_1_244' title='bbox 446 2917 469 2964; x_wconf 91' lang='grc' dir='ltr'><strong>ι.</strong></span> <span class='ocrx_word' id='word_1_245' title='bbox 1447 2916 1448 2925; x_wconf 68' lang='grc'>’</span> 
     </span>
    </p>

    <p class='ocr_par' dir='ltr' id='par_1_19' title="bbox 342 2987 1448 3089">
     <span class='ocr_line' id='line_1_29' title="bbox 342 2987 1448 3089; baseline -0.005 -25"><span class='ocrx_word' id='word_1_246' title='bbox 342 2990 547 3080; x_wconf 74' lang='lat' dir='ltr'><strong>Caeterum,</strong></span> <span class='ocrx_word' id='word_1_247' title='bbox 569 2990 632 3089; x_wconf 89' lang='lat' dir='ltr'><strong>qui</strong></span> <span class='ocrx_word' id='word_1_248' title='bbox 650 2987 696 3061; x_wconf 89' lang='lat' dir='ltr'><strong>ad</strong></span> <span class='ocrx_word' id='word_1_249' title='bbox 713 2987 786 3062; x_wconf 83' lang='lat' dir='ltr'><strong>lroc</strong></span> <span class='ocrx_word' id='word_1_250' title='bbox 804 3013 944 3061; x_wconf 87' lang='lat' dir='ltr'><strong>munus</strong></span> <span class='ocrx_word' id='word_1_251' title='bbox 961 2987 1166 3088; x_wconf 83' lang='lat' dir='ltr'><strong>excipiendi</strong></span> <span class='ocrx_word' id='word_1_252' title='bbox 1178 2988 1378 3067; x_wconf 81' lang='lat' dir='ltr'><strong>Confessio·</strong></span> <span class='ocrx_word' id='word_1_253' title='bbox 1447 3044 1448 3059; x_wconf 64' lang='grc'>,</span> 
     </span>
    </p>

    <p class='ocr_par' dir='ltr' id='par_1_20' title="bbox 291 3062 1448 3188">
     <span class='ocr_line' id='line_1_30' title="bbox 291 3062 1448 3188; baseline -0.002 -25"><span class='ocrx_word' id='word_1_254' title='bbox 291 3115 357 3164; x_wconf 89' lang='lat' dir='ltr'><strong>nes</strong></span> <span class='ocrx_word' id='word_1_255' title='bbox 376 3086 540 3175; x_wconf 80' lang='lat' dir='ltr'><strong>inhiant,</strong></span> <span class='ocrx_word' id='word_1_256' title='bbox 556 3112 630 3160; x_wconf 87' lang='lat' dir='ltr'><strong>non</strong></span> <span class='ocrx_word' id='word_1_257' title='bbox 646 3086 754 3161; x_wconf 71' lang='lat' dir='ltr'><strong>facile</strong></span> <span class='ocrx_word' id='word_1_258' title='bbox 773 3086 841 3159; x_wconf 87' lang='lat' dir='ltr'><strong>sibi</strong></span> <span class='ocrx_word' id='word_1_259' title='bbox 857 3079 1059 3173; x_wconf 72' lang='lat' dir='ltr'><strong>suadeani,</strong></span> <span class='ocrx_word' id='word_1_260' title='bbox 1079 3087 1182 3188; x_wconf 89' lang='lat' dir='ltr'><strong>quod</strong></span> <span class='ocrx_word' id='word_1_261' title='bbox 1196 3089 1280 3187; x_wconf 84' lang='lat' dir='ltr'><strong>satis</strong></span> <span class='ocrx_word' id='word_1_262' title='bbox 1294 3089 1373 3161; x_wconf 90' lang='lat' dir='ltr'><strong>ido·</strong></span> <span class='ocrx_word' id='word_1_263' title='bbox 1447 3062 1448 3151; x_wconf 71' lang='lat' dir='ltr'><strong>i</strong></span> 
     </span>
    </p>

    <p class='ocr_par' dir='ltr' id='par_1_21' title="bbox 293 3158 1448 3283">
     <span class='ocr_line' id='line_1_31' title="bbox 293 3184 1375 3283; baseline 0 -22"><span class='ocrx_word' id='word_1_264' title='bbox 293 3212 382 3261; x_wconf 92' lang='lat' dir='ltr'><strong>neos</strong></span> <span class='ocrx_word' id='word_1_265' title='bbox 400 3187 601 3261; x_wconf 80' lang='lat' dir='ltr'><strong>adtentum</strong></span> <span class='ocrx_word' id='word_1_266' title='bbox 620 3212 754 3258; x_wconf 89' lang='lat' dir='ltr'><strong>munus</strong></span> <span class='ocrx_word' id='word_1_267' title='bbox 765 3208 806 3256; x_wconf 85' lang='lat' dir='ltr'><strong>se</strong></span> <span class='ocrx_word' id='word_1_268' title='bbox 816 3184 971 3259; x_wconf 86' lang='lat' dir='ltr'><strong>reddere</strong></span> <span class='ocrx_word' id='word_1_269' title='bbox 986 3186 1127 3283; x_wconf 87' lang='lat' dir='ltr'><strong>possint</strong></span> <span class='ocrx_word' id='word_1_270' title='bbox 1138 3188 1217 3260; x_wconf 84' lang='lat' dir='ltr'><strong>sine</strong></span> <span class='ocrx_word' id='word_1_271' title='bbox 1234 3187 1375 3261; x_wconf 86' lang='lat' dir='ltr'><strong>diutur·</strong></span> 
     </span>
    </p>
   </div>
   <div class='ocr_carea' id='block_1_3' title="bbox 293 3276 1448 3453">
    <p class='ocr_par' dir='ltr' id='par_1_22' title="bbox 293 3276 1448 3453">
     <span class='ocr_line' id='line_1_32' title="bbox 293 3276 1448 3453; baseline 0 -94"><span class='ocrx_word' id='word_1_272' title='bbox 293 3312 342 3359; x_wconf 80' lang='lat' dir='ltr'><strong>no</strong></span> <span class='ocrx_word' id='word_1_273' title='bbox 356 3282 479 3358; x_wconf 86' lang='lat' dir='ltr'><strong>studio</strong></span> <span class='ocrx_word' id='word_1_274' title='bbox 497 3288 656 3358; x_wconf 67' lang='lat' dir='ltr'><strong>scientiae</strong></span> <span class='ocrx_word' id='word_1_275' title='bbox 674 3282 824 3357; x_wconf 86' lang='lat' dir='ltr'><strong>moralis</strong></span> <span class='ocrx_word' id='word_1_276' title='bbox 841 3311 849 3371; x_wconf 82' lang='lat'><em>3</em></span> <span class='ocrx_word' id='word_1_277' title='bbox 861 3310 935 3453; x_wconf 86' lang='lat' dir='ltr'><strong>pro</strong></span> <span class='ocrx_word' id='word_1_278' title='bbox 954 3309 1026 3381; x_wconf 92' lang='lat' dir='ltr'><strong>qua</strong></span> <span class='ocrx_word' id='word_1_279' title='bbox 1040 3284 1137 3357; x_wconf 70' lang='lat' dir='ltr'><strong>certe</strong></span> <span class='ocrx_word' id='word_1_280' title='bbox 1153 3311 1227 3359; x_wconf 86' lang='lat' dir='ltr'><strong>non</strong></span> <span class='ocrx_word' id='word_1_281' title='bbox 1242 3286 1375 3358; x_wconf 88' lang='lat' dir='ltr'><strong>sufficit</strong></span> <span class='ocrx_word' id='word_1_282' title='bbox 1447 3276 1448 3359; x_wconf 75' lang='lat' dir='ltr'><strong>i</strong></span> 
     </span>
    </p>
   </div>
   <div class='ocr_carea' id='block_1_4' title="bbox 292 3383 1448 4176">
    <p class='ocr_par' dir='ltr' id='par_1_23' title="bbox 292 3383 1448 3680">
     <span class='ocr_line' id='line_1_33' title="bbox 293 3383 1375 3484; baseline 0 -29"><span class='ocrx_word' id='word_1_283' title='bbox 293 3383 456 3484; x_wconf 84' lang='lat' dir='ltr'><strong>aliquam</strong></span> <span class='ocrx_word' id='word_1_284' title='bbox 475 3390 687 3481; x_wconf 85' lang='lat' dir='ltr'><strong>pcicorrcre</strong></span> <span class='ocrx_word' id='word_1_285' title='bbox 705 3385 856 3455; x_wconf 86' lang='lat' dir='ltr'><strong>Summo</strong></span> <span class='ocrx_word' id='word_1_286' title='bbox 876 3409 933 3453; x_wconf 87' lang='lat' dir='ltr'><strong>am</strong></span> <span class='ocrx_word' id='word_1_287' title='bbox 951 3407 1101 3469; x_wconf 78' lang='lat' dir='ltr'><strong>earum,</strong></span> <span class='ocrx_word' id='word_1_288' title='bbox 1120 3408 1201 3481; x_wconf 82' lang='lat' dir='ltr'><strong>quoe</strong></span> <span class='ocrx_word' id='word_1_289' title='bbox 1215 3384 1375 3459; x_wconf 86' lang='lat' dir='ltr'><strong>eircum-</strong></span> 
     </span>
     <span class='ocr_line' id='line_1_34' title="bbox 292 3479 1448 3580; baseline -0.003 -25"><span class='ocrx_word' id='word_1_290' title='bbox 292 3484 487 3568; x_wconf 80' lang='lat' dir='ltr'><strong>seruntur3</strong></span> <span class='ocrx_word' id='word_1_291' title='bbox 507 3508 578 3555; x_wconf 89' lang='lat' dir='ltr'><strong>nec</strong></span> <span class='ocrx_word' id='word_1_292' title='bbox 596 3486 682 3554; x_wconf 86' lang='lat' dir='ltr'><strong>satis</strong></span> <span class='ocrx_word' id='word_1_293' title='bbox 695 3497 749 3554; x_wconf 87' lang='lat' dir='ltr'><strong>est</strong></span> <span class='ocrx_word' id='word_1_294' title='bbox 772 3479 953 3579; x_wconf 76' lang='lat' dir='ltr'><strong>generalia</strong></span> <span class='ocrx_word' id='word_1_295' title='bbox 981 3481 1161 3580; x_wconf 85' lang='lat' dir='ltr'><strong>principia</strong></span> <span class='ocrx_word' id='word_1_296' title='bbox 1191 3481 1304 3578; x_wconf 85' lang='lat' dir='ltr'><strong>hujus</strong></span> <span class='ocrx_word' id='word_1_297' title='bbox 1321 3481 1374 3553; x_wconf 81' lang='lat' dir='ltr'><strong>fa·</strong></span> <span class='ocrx_word' id='word_1_298' title='bbox 1447 3506 1448 3529; x_wconf 59' lang='grc' dir='ltr'><strong>ι</strong></span> 
     </span>
     <span class='ocr_line' id='line_1_35' title="bbox 295 3577 1378 3680; baseline -0.002 -26"><span class='ocrx_word' id='word_1_299' title='bbox 295 3580 442 3654; x_wconf 85' lang='lat' dir='ltr'><strong>enitatis</strong></span> <span class='ocrx_word' id='word_1_300' title='bbox 454 3580 561 3668; x_wconf 88' lang='lat' dir='ltr'><strong>scire,</strong></span> <span class='ocrx_word' id='word_1_301' title='bbox 579 3595 622 3652; x_wconf 90' lang='lat' dir='ltr'><strong>ut</strong></span> <span class='ocrx_word' id='word_1_302' title='bbox 635 3577 807 3680; x_wconf 84' lang='lat' dir='ltr'><strong>quidam,</strong></span> <span class='ocrx_word' id='word_1_303' title='bbox 826 3583 890 3677; x_wconf 89' lang='lat' dir='ltr'><strong>qui</strong></span> <span class='ocrx_word' id='word_1_304' title='bbox 907 3580 1117 3676; x_wconf 76' lang='lat' dir='ltr'><strong>(casuistas</strong></span> <span class='ocrx_word' id='word_1_305' title='bbox 1133 3595 1378 3653; x_wconf 78' lang='lat' dir='ltr'><strong>contemnen-</strong></span> 
     </span>
    </p>

    <p class='ocr_par' dir='ltr' id='par_1_24' title="bbox 295 3677 1448 4176">
     <span class='ocr_line' id='line_1_36' title="bbox 295 3677 1373 3779; baseline -0.005 -24"><span class='ocrx_word' id='word_1_306' title='bbox 295 3680 629 3774; x_wconf 79' lang='lat' dir='ltr'><strong>tes)Litte1-norum</strong></span> <span class='ocrx_word' id='word_1_307' title='bbox 645 3693 815 3779; x_wconf 84' lang='lat' dir='ltr'><strong>arrogant</strong></span> <span class='ocrx_word' id='word_1_308' title='bbox 832 3677 901 3749; x_wconf 87' lang='lat' dir='ltr'><strong>sibi</strong></span> <span class='ocrx_word' id='word_1_309' title='bbox 918 3702 1064 3764; x_wconf 86' lang='lat' dir='ltr'><strong>nomeu,</strong></span> <span class='ocrx_word' id='word_1_310' title='bbox 1077 3692 1280 3752; x_wconf 87' lang='lat' dir='ltr'><strong>autumant.</strong></span> <span class='ocrx_word' id='word_1_311' title='bbox 1296 3680 1373 3753; x_wconf 83' lang='lat' dir='ltr'><strong>Mo·</strong></span> 
     </span>
     <span class='ocr_line' id='line_1_37' title="bbox 295 3774 1448 3867; baseline -0.003 -15"><span class='ocrx_word' id='word_1_312' title='bbox 295 3779 383 3852; x_wconf 85' lang='lat' dir='ltr'><strong>ralis</strong></span> <span class='ocrx_word' id='word_1_313' title='bbox 408 3778 507 3850; x_wconf 88' lang='lat' dir='ltr'><strong>enim</strong></span> <span class='ocrx_word' id='word_1_314' title='bbox 540 3778 687 3849; x_wconf 87' lang='lat' dir='ltr'><strong>scientia</strong></span> <span class='ocrx_word' id='word_1_315' title='bbox 716 3774 791 3849; x_wconf 87' lang='lat' dir='ltr'><strong>non</strong></span> <span class='ocrx_word' id='word_1_316' title='bbox 822 3774 945 3849; x_wconf 82' lang='lat' dir='ltr'><strong>solirm</strong></span> <span class='ocrx_word' id='word_1_317' title='bbox 970 3775 1075 3850; x_wconf 72' lang='lat' dir='ltr'><strong>valde</strong></span> <span class='ocrx_word' id='word_1_318' title='bbox 1103 3777 1305 3850; x_wconf 81' lang='lat' dir='ltr'><strong>necessaria</strong></span> <span class='ocrx_word' id='word_1_319' title='bbox 1322 3790 1375 3849; x_wconf 86' lang='lat' dir='ltr'><strong>est</strong></span> <span class='ocrx_word' id='word_1_320' title='bbox 1447 3798 1448 3867; x_wconf 60' lang='grc' dir='ltr'>ζ</span> 
     </span>
     <span class='ocr_line' id='line_1_38' title="bbox 297 3872 1448 3986; baseline -0.007 -35"><span class='ocrx_word' id='word_1_321' title='bbox 297 3877 516 3951; x_wconf 71' lang='lat' dir='ltr'><strong>Christiane</strong></span> <span class='ocrx_word' id='word_1_322' title='bbox 537 3876 636 3974; x_wconf 87' lang='lat' dir='ltr'><strong>Reip.</strong></span> <span class='ocrx_word' id='word_1_323' title='bbox 654 3900 742 3949; x_wconf 86' lang='lat' dir='ltr'><strong>cum</strong></span> <span class='ocrx_word' id='word_1_324' title='bbox 766 3900 810 3949; x_wconf 79' lang='lat' dir='ltr'><strong>ex</strong></span> <span class='ocrx_word' id='word_1_325' title='bbox 829 3900 871 3948; x_wconf 89' lang='lat' dir='ltr'><strong>ea</strong></span> <span class='ocrx_word' id='word_1_326' title='bbox 888 3872 1096 3975; x_wconf 86' lang='lat' dir='ltr'><strong>dependeat</strong></span> <span class='ocrx_word' id='word_1_327' title='bbox 1116 3874 1256 3949; x_wconf 88' lang='lat' dir='ltr'><strong>bonum</strong></span> <span class='ocrx_word' id='word_1_328' title='bbox 1278 3875 1376 3986; x_wconf 74' lang='lat' dir='ltr'><strong>regi·</strong></span> <span class='ocrx_word' id='word_1_329' title='bbox 1447 3880 1448 3943; x_wconf 79' lang='lat' dir='ltr'><strong>i</strong></span> 
     </span>
     <span class='ocr_line' id='line_1_39' title="bbox 296 3971 1448 4074; baseline -0.003 -29"><span class='ocrx_word' id='word_1_330' title='bbox 296 4000 382 4048; x_wconf 85' lang='lat' dir='ltr'><strong>men</strong></span> <span class='ocrx_word' id='word_1_331' title='bbox 405 3976 636 4058; x_wconf 81' lang='lat' dir='ltr'><strong>animarum,</strong></span> <span class='ocrx_word' id='word_1_332' title='bbox 655 3974 847 4046; x_wconf 75' lang='lat' dir='ltr'><strong>sedetiam</strong></span> <span class='ocrx_word' id='word_1_333' title='bbox 867 3974 922 4046; x_wconf 83' lang='lat' dir='ltr'><strong>est</strong></span> <span class='ocrx_word' id='word_1_334' title='bbox 943 3971 1176 4074; x_wconf 69' lang='lat' dir='ltr'><strong>summopere</strong></span> <span class='ocrx_word' id='word_1_335' title='bbox 1192 3971 1374 4049; x_wconf 78' lang='lat' dir='ltr'><strong>difficilis:</strong></span> <span class='ocrx_word' id='word_1_336' title='bbox 1447 3984 1448 3987; x_wconf 76' lang='grc'>’</span> 
     </span>
     <span class='ocr_line' id='line_1_40' title="bbox 298 4071 1448 4176; baseline 0.003 -33"><span class='ocrx_word' id='word_1_337' title='bbox 298 4085 376 4149; x_wconf 79' lang='lat' dir='ltr'><strong>tuna</strong></span> <span class='ocrx_word' id='word_1_338' title='bbox 403 4075 490 4176; x_wconf 83' lang='lat' dir='ltr'><strong>quia</strong></span> <span class='ocrx_word' id='word_1_339' title='bbox 508 4074 588 4174; x_wconf 89' lang='lat' dir='ltr'><strong>ipsa</strong></span> <span class='ocrx_word' id='word_1_340' title='bbox 613 4071 820 4175; x_wconf 80' lang='lat' dir='ltr'><strong>generalem</strong></span> <span class='ocrx_word' id='word_1_341' title='bbox 839 4072 1007 4149; x_wconf 83' lang='lat' dir='ltr'><strong>notitiam</strong></span> <span class='ocrx_word' id='word_1_342' title='bbox 1032 4072 1189 4173; x_wconf 88' lang='lat' dir='ltr'><strong>requirit</strong></span> <span class='ocrx_word' id='word_1_343' title='bbox 1210 4071 1377 4147; x_wconf 80' lang='lat' dir='ltr'><strong>omniunt·</strong></span> <span class='ocrx_word' id='word_1_344' title='bbox 1447 4092 1448 4163; x_wconf 68' lang='lat'>3</span> 
     </span>
    </p>
   </div>
   <div class='ocr_carea' id='block_1_5' title="bbox 0 0 1486 4709">
    <p class='ocr_par' dir='ltr' id='par_1_25' title="bbox 0 0 1486 4709">
     <span class='ocr_line' id='line_1_41' title="bbox 0 0 1486 4709; baseline 0 0"><span class='ocrx_word' id='word_1_345' title='bbox 0 0 1486 4709; x_wconf 95' lang='lat' dir='ltr'><strong> </strong></span> 
     </span>
    </p>
   </div>
  </div>
 </body>
</html>
