2917 4709
242 161 308 266 bad
330 119 426 232 ‘tiu
440 163 499 234 VI.
511 151 680 258 macti.
689 163 740 231 De
753 159 1038 256 Extrema-Uret,
1054 178 1086 232 et
1098 162 1236 232 Ordine.
1260 110 1265 117 -
1303 233 1311 248 ,

245 267 400 352 ducunt.
421 280 547 364 Ratio,
565 281 650 385 quia
678 279 745 351 etsi
768 277 846 350 talis
866 275 1059 351 coelibatus
1076 274 1123 356 ab
1137 271 1330 375 Apostollc
1382 343 1396 362 ,

245 398 368 450 ortum
386 375 539 464 hahuit,-
558 393 599 450 ut
623 375 781 476 probunt
806 377 899 448 Gon.
915 375 999 456 Val.
1019 376 1093 447 sot.
1108 391 1177 447 etc.
1197 388 1323 446 tamen

243 474 389 547 tantiam
413 500 458 547 ex
471 491 653 574 praecepto
678 475 875 562 Ecclesiae,
894 472 966 555 sire
983 472 1244 570 Apostolorum
1259 477 1273 554 l
1282 477 1327 542 ut

241 559 378 675 probat
393 574 591 666 Bellarm.)
611 586 665 645 est
679 573 929 654 introductus.
949 588 985 644 et
1000 574 1184 657 firmatus,
1202 569 1241 642 lit
1256 597 1325 669 pa-

247 686 298 745 tet
313 699 353 743 ux
371 673 459 771 ipsis
473 670 591 744 verbis
610 670 713 744 Trid.
733 673 771 743 in
789 672 850 744 cit.
870 669 958 743 Cau.
976 695 1001 769 9
1018 685 1058 741 ut
1070 673 1197 768 suprl.

189 771 242 828 ⁸0⁸
295 771 415 863 Quaer.
442 796 474 842 2.
498 773 556 842 An
584 769 663 843 baec
687 770 860 866 obligatio
880 771 928 841 sit
943 767 1154 841 immediate
1170 793 1213 840 ex
1233 773 1326 865 prae·

248 887 353 967 cepto
370 866 564 951 Ecclesiae,
580 869 633 939 iel
649 867 806 960 mediate
823 894 890 968 per
906 882 1028 939 votum
1046 861 1327 940 ordinatorum?

245 963 411 1064 Utraque
439 980 494 1039 est
521 963 721 1064 probabilis
749 993 797 1039 ex*
815 964 947 1040 eodem
970 992 1003 1039 c.
1025 990 1062 1064 9.
1081 964 1184 1038 Trid.
1201 963 1326 1034 Prima

246 1066 444 1146 sententia,
474 1091 586 1162 quam
608 1079 734 1137 tenent
755 1065 947 1148 illustrius,
966 1066 1081 1136 Bosco
1100 1120 1109 1144 ‚
1139 1064 1324 1149 Herincx,

248 1180 317 1238 etc.
336 1161 446 1261 opud.
468 1162 611 1250 Holzm.
630 1189 667 1261 p.
685 1163 806 1235 26812.
823 1162 900 1235 103.
916 1186 958 1234 ac
973 1163 1068 1236 Scot.
1081 1160 1161 1234 Pal.
1175 1160 1327 1231 vatent.

247 1276 285 1338 ct
310 1261 442 1356 Ayersa
465 1261 562 1358 apud
589 1257 700 1336 Salm.
721 1286 752 1331 c.
782 1259 806 1331 6
834 1286 869 1331 u.
898 1264 955 1336 23.
980 1264 995 1344 l
1005 1262 1068 1359 qui
1087 1277 1171 1332 cum
1188 1255 1326 1330 Saucb.

247 1353 382 1435 merito
401 1355 628 1458 probabilem
653 1361 796 1456 putant)
817 1358 926 1442 dicit,
948 1359 1049 1456 quud
1065 1384 1139 1428 nou
1158 1383 1201 1430 ex
1219 1371 1328 1442 voto,

248 1457 313 1530 sed
335 1484 378 1532 ex
396 1456 473 1529 sola
493 1456 667 1532 Ecclesiae
687 1456 764 1552 lege
780 1456 938 1528 ordinati
958 1461 995 1527 iu
1008 1460 1327 1528 sacristeneantur

248 1555 295 1628 ad
312 1560 533 1644 castitatem
551 1570 630 1627 tum
644 1581 754 1654 quta,
771 1581 856 1628 cum
878 1557 1054 1652 potuisset
1079 1551 1242 1627 Ecclesia
1263 1576 1327 1649 pcc

248 1683 287 1728 ae
305 1656 527 1749 adstringere
548 1654 733 1726 ministros
760 1679 879 1725 sacros
898 1653 944 1724 ad
962 1653 1163 1725 castitatem
1176 1677 1328 1723 servan·

251 1753 359 1842 dam,
381 1779 446 1824 cur
464 1750 535 1823 dici
554 1751 683 1842 debet,
702 1750 804 1850 quud
824 1754 975 1849 insuper
992 1767 1114 1823 sotum
1134 1750 1245 1824 sacris
1265 1748 1331 1820 Or·

251 1850 399 1922 dinibus
414 1851 558 1922 annecti
574 1851 754 1931 vuluerit.
774 1850 861 1921 dum
881 1848 952 1921 huc
970 1874 1181 1950 expressum
1196 1848 1234 1919 in
1247 1848 1328 1946 juro

251 1972 327 2020 non
352 1945 553 2042 babemus?
573 1950 671 2021 Tum
687 1949 796 2047 quia,
816 1949 844 2018 si
862 1946 1035 2045 obligatio
1056 1944 1250 2020 coelibatirs
1268 1971 1329 2026 es,-

253 2060 307 2118 set
325 2072 366 2118 ux
383 2065 464 2117 voto
480 2103 489 2126 ,
507 2058 737 2146 sequeretur,
759 2044 858 2142 quod
871 2043 960 2143 {qui
977 2041 1048 2118 tale
1066 2063 1190 2117 votum
1207 2044 1329 2116 invin-

194 2157 199 2167 '
227 2179 233 2190 ¹
252 2143 411 2216 cibiliter
425 2145 580 2240 ignorat,
600 2144 654 2214 vel
678 2145 744 2242 qui
763 2144 928 2242 expressi
943 2143 1058 2217 nollet
1076 2143 1172 2217 illud
1188 2143 1331 2216 emitte·

252 2266 311 2320 re.
334 2268 406 2313 non
431 2237 613 2312 teneretur
628 2241 714 2314 indie
740 2240 787 2313 ad
815 2241 1015 2330 castitatem
1034 2270 1043 2313 τ
1063 2240 1165 2342 quod
1178 2238 1330 2341 quidem

255 2339 456 2414 absurdum
471 2356 506 2411 et
524 2340 771 2439 perniciosum
786 2353 891 2412 esset.
926 2387 931 2392 -

304 2437 380 2510 Nec
408 2437 526 2512 obstat
555 2438 700 2522 dicere,
730 2437 833 2535 quod
852 2440 949 2535 juxti
969 2436 1185 2512 senteutiam
1204 2436 1331 2526 bano.

253 2535 285 2609 si
304 2537 486 2616 ,Sacerdos
514 2551 681 2634 peccaret
699 2552 827 2615 contra
853 2540 1055 2626 castitatem
1070 2594 1079 2626 ,
1096 2564 1213 2614 unum
1248 2537 1330 2632 tan·

253 2633 296 2707 tit
312 2662 334 2704 n
366 2649 556 2730 peccatum
572 2636 829 2706 committeret
841 2652 977 2726 'contra
1003 2637 1226 2719 castitatem,
1245 2636 1332 2735 qula

256 2731 315 2805 lex
341 2729 537 2823 Ecclesite,
556 2759 641 2804 cum
660 2732 707 2818 sit
722 2729 828 2829 'circa
856 2733 1021 2806 eamdem
1039 2737 1226 2806 materiam
1253 2737 1338 2829 iure‘
1403 2813 1405 2816 ,

255 2831 412 2928 naturali
437 2820 679 2928 prohibitam,
701 2857 774 2903 non
791 2830 1014 2929 multiplicat
1032 2834 1190 2929 speciem
1207 2858 1332 2931 pecca·

258 2931 310 3013 ti3
336 2929 442 3026 proiit
468 2930 605 3001 lurtum
629 2932 779 3002 vetitum
802 2928 881 3026 lege
914 2930 1091 3020 naturali,
1117 2957 1192 3004 non
1221 2930 1334 3003 habet

259 3027 622 3120 notamnulitiam,
651 3032 680 3100 si
709 3027 948 3125 prohibeatur
974 3027 1052 3126 lege
1081 3028 1266 3115 bumana3
1296 3040 1333 3102 et

258 3125 334 3224 buc
357 3142 447 3198 esset
465 3142 590 3199 contra
608 3125 842 3198 communem
861 3128 1011 3226 [lD.qui
1025 3126 1172 3214 docent,
1187 3125 1332 3200 ordina·

226 3261 229 3265 1
260 3213 371 3294 tosio
392 3224 531 3311 Sacris,
550 3223 723 3298 laedentes
740 3224 961 3315 castitatem,
982 3225 1091 3297 etiam
1115 3233 1265 3326 peccato
1280 3252 1334 3298 sa·

180 3333 182 3337 ‘
263 3321 405 3419 crilegii
435 3347 595 3419 peccare.
624 3324 717 3395 Nam
747 3320 1097 3417 recte'respondent
1123 3329 1255 3418 Aversa
1272 3380 1280 3407 ‚
1298 3337 1335 3397 et

263 3419 376 3492 satm.
400 3445 437 3489 n.
462 3425 518 3494 28.
538 3419 890 3591 ‘luss‘lllfaeoeJflum
918 3421 1122 3497 humanum
1153 3421 1335 3521 multipli-

265 3531 370 3589 cetur
388 3521 528 3614 ppecie‚
550 3517 696 3687 puandb
710 3545 751 3610 px
797 3520 912 3592 iverso
928 3522 1061 3593 motivo
1081 3537 1260 3621 praecepto
1274 3539 1335 3594 na·

264 3615 375 3687 turali
389 3616 548 3714 superad
577 3619 646 3689 itur
661 3643 670 3706 3
688 3623 873 3717 percussio
888 3620 985 3692 enim
998 3618 1128 3692 Clerici
1146 3617 1336 3718 duplicem

265 3707 379 3786 habet
400 3715 595 3798 malitiam,
618 3741 731 3788 unam
755 3735 880 3792 contra
895 3718 1070 3819 justitiam
1085 3742 1128 3792 ex
1143 3717 1222 3815 lege
1236 3733 1337 3790 uatu-

266 3811 353 3895 rali‚
367 3810 518 3890 alteram
528 3827 656 3902 contra,
666 3813 888 3912 Religionem
903 3825 944 3890 ex
959 3815 1240 3916 legeEcclesiae‚
1254 3839 1337 3912 qnae

267 3935 311 3984 ex
329 3913 462 3986 motivo
482 3914 865 4013 Religionisprobibet
890 3915 1023 4004 laedere
1050 3941 1244 4012 personam
1257 3914 1337 3986 Deo

265 4011 525 4116 mancipatam.
537 4014 658 4112 Quare
672 4011 916 4113 proculdubio
927 4014 1102 4094 Sacerdos
1115 4014 1248 4090 laedens
1263 4037 1338 4087 car·
