<?xml version="1.0" encoding="UTF-8"?>
<!DOCTYPE html PUBLIC "-//W3C//DTD XHTML 1.0 Transitional//EN"
    "http://www.w3.org/TR/xhtml1/DTD/xhtml1-transitional.dtd">
<html xmlns="http://www.w3.org/1999/xhtml" xml:lang="en" lang="en">
 <head>
  <title>
</title>
<meta http-equiv="Content-Type" content="text/html;charset=utf-8" />
  <meta name='ocr-system' content='tesseract 3.04.00' />
  <meta name='ocr-capabilities' content='ocr_page ocr_carea ocr_par ocr_line ocrx_word'/>
</head>
<body>
  <div class='ocr_page' id='page_1' title='image "./theologiamorali05ligugoog_0498.png"; bbox 0 0 2917 4709; ppageno 0'>
   <div class='ocr_carea' id='block_1_1' title="bbox 244 218 1118 325">
    <p class='ocr_par' dir='ltr' id='par_1_1' title="bbox 244 218 1118 325">
     <span class='ocr_line' id='line_1_1' title="bbox 244 218 1118 325; baseline -0.005 -23"><span class='ocrx_word' id='word_1_1' title='bbox 244 231 313 325; x_wconf 69' lang='lat'>478</span> <span class='ocrx_word' id='word_1_2' title='bbox 376 278 379 282; x_wconf 86' lang='lat'><strong>·</strong></span> <span class='ocrx_word' id='word_1_3' title='bbox 458 218 531 300; x_wconf 85' lang='lat' dir='ltr'>Lib.</span> <span class='ocrx_word' id='word_1_4' title='bbox 547 231 608 301; x_wconf 81' lang='lat' dir='ltr'>VI.</span> <span class='ocrx_word' id='word_1_5' title='bbox 625 228 738 297; x_wconf 82' lang='lat' dir='ltr'>Tract.</span> <span class='ocrx_word' id='word_1_6' title='bbox 756 229 816 299; x_wconf 70' lang='lat' dir='ltr'>vt</span> <span class='ocrx_word' id='word_1_7' title='bbox 834 228 885 299; x_wconf 86' lang='lat' dir='ltr'>De</span> <span class='ocrx_word' id='word_1_8' title='bbox 897 222 1118 299; x_wconf 74' lang='lat' dir='ltr'>Matrimonio.</span> 
     </span>
    </p>
   </div>
   <div class='ocr_carea' id='block_1_2' title="bbox 143 331 1366 4189">
    <p class='ocr_par' dir='ltr' id='par_1_2' title="bbox 143 331 1366 4189">
     <span class='ocr_line' id='line_1_2' title="bbox 254 331 1345 441; baseline -0.001 -24"><span class='ocrx_word' id='word_1_9' title='bbox 254 369 328 417; x_wconf 82' lang='lat' dir='ltr'>non</span> <span class='ocrx_word' id='word_1_10' title='bbox 353 355 471 414; x_wconf 82' lang='lat' dir='ltr'>tameo</span> <span class='ocrx_word' id='word_1_11' title='bbox 486 341 536 414; x_wconf 84' lang='lat' dir='ltr'>t&#39;td</span> <span class='ocrx_word' id='word_1_12' title='bbox 556 342 652 441; x_wconf 80' lang='lat' dir='ltr'>quod</span> <span class='ocrx_word' id='word_1_13' title='bbox 667 368 801 439; x_wconf 85' lang='lat' dir='ltr'>semper</span> <span class='ocrx_word' id='word_1_14' title='bbox 823 342 872 415; x_wconf 85' lang='lat' dir='ltr'>sit</span> <span class='ocrx_word' id='word_1_15' title='bbox 884 357 1065 440; x_wconf 74' lang='lat' dir='ltr'>peccatum</span> <span class='ocrx_word' id='word_1_16' title='bbox 1082 335 1247 425; x_wconf 80' lang='lat' dir='ltr'>mortale,</span> <span class='ocrx_word' id='word_1_17' title='bbox 1264 331 1345 416; x_wconf 74' lang='lat' dir='ltr'>otii</span> 
     </span>
     <span class='ocr_line' id='line_1_3' title="bbox 238 438 1281 539; baseline -0.002 -25"><span class='ocrx_word' id='word_1_18' title='bbox 238 440 345 539; x_wconf 69' lang='lat' dir='ltr'>forti</span> <span class='ocrx_word' id='word_1_19' title='bbox 360 441 499 538; x_wconf 79' lang='lat' dir='ltr'>quoodd</span> <span class='ocrx_word' id='word_1_20' title='bbox 512 439 737 535; x_wconf 72' lang='lat' dir='ltr'><em>probabiliter</em></span> <span class='ocrx_word' id='word_1_21' title='bbox 752 445 893 513; x_wconf 82' lang='lat' dir='ltr'>timetur</span> <span class='ocrx_word' id='word_1_22' title='bbox 905 443 950 514; x_wconf 85' lang='lat' dir='ltr'>de</span> <span class='ocrx_word' id='word_1_23' title='bbox 962 440 1113 532; x_wconf 78' lang='lat' dir='ltr'>perr‘culo</span> <span class='ocrx_word' id='word_1_24' title='bbox 1128 438 1281 512; x_wconf 72' lang='lat' dir='ltr'>obortis.</span> 
     </span>
     <span class='ocr_line' id='line_1_4' title="bbox 303 537 1334 637; baseline -0.001 -24"><span class='ocrx_word' id='word_1_25' title='bbox 303 542 465 613; x_wconf 87' lang='lat' dir='ltr'>Censent</span> <span class='ocrx_word' id='word_1_26' title='bbox 484 554 607 609; x_wconf 83' lang='lat' dir='ltr'>autem</span> <span class='ocrx_word' id='word_1_27' title='bbox 622 537 772 637; x_wconf 75' lang='lat' dir='ltr'><strong>sylvest.</strong></span> <span class='ocrx_word' id='word_1_28' title='bbox 797 541 893 636; x_wconf 77' lang='lat' dir='ltr'><strong>Aug.</strong></span> <span class='ocrx_word' id='word_1_29' title='bbox 910 554 947 613; x_wconf 84' lang='lat' dir='ltr'>et</span> <span class='ocrx_word' id='word_1_30' title='bbox 965 537 1177 635; x_wconf 78' lang='lat' dir='ltr'>Tah.›apud</span> <span class='ocrx_word' id='word_1_31' title='bbox 1195 537 1334 613; x_wconf 83' lang='lat' dir='ltr'>Saoch.</span> 
     </span>
     <span class='ocr_line' id='line_1_5' title="bbox 253 634 1336 735; baseline -0.003 -23"><span class='ocrx_word' id='word_1_32' title='bbox 253 635 283 712; x_wconf 84' lang='lat' dir='ltr'>l.</span> <span class='ocrx_word' id='word_1_33' title='bbox 300 665 333 715; x_wconf 91' lang='lat' dir='ltr'>c.</span> <span class='ocrx_word' id='word_1_34' title='bbox 351 664 391 710; x_wconf 97' lang='grc' dir='ltr'>ιι.</span> <span class='ocrx_word' id='word_1_35' title='bbox 414 663 443 727; x_wconf 88' lang='grc' dir='ltr'>ι,</span> <span class='ocrx_word' id='word_1_36' title='bbox 458 636 583 710; x_wconf 79' lang='lat' dir='ltr'>adesse</span> <span class='ocrx_word' id='word_1_37' title='bbox 605 637 811 735; x_wconf 82' lang='lat' dir='ltr'>periculum</span> <span class='ocrx_word' id='word_1_38' title='bbox 827 637 1000 727; x_wconf 67' lang='lat' dir='ltr'>aboatis,</span> <span class='ocrx_word' id='word_1_39' title='bbox 1020 641 1049 710; x_wconf 85' lang='lat' dir='ltr'>si</span> <span class='ocrx_word' id='word_1_40' title='bbox 1064 634 1200 733; x_wconf 83' lang='lat' dir='ltr'>copula</span> <span class='ocrx_word' id='word_1_41' title='bbox 1215 635 1336 710; x_wconf 84' lang='lat' dir='ltr'>habc-</span> 
     </span>
     <span class='ocr_line' id='line_1_6' title="bbox 253 736 1335 837; baseline 0.003 -29"><span class='ocrx_word' id='word_1_42' title='bbox 253 750 317 809; x_wconf 88' lang='lat' dir='ltr'>tur</span> <span class='ocrx_word' id='word_1_43' title='bbox 339 739 436 808; x_wconf 83' lang='lat' dir='ltr'>circ&#39;a</span> <span class='ocrx_word' id='word_1_44' title='bbox 460 736 606 807; x_wconf 86' lang='lat' dir='ltr'>initium</span> <span class='ocrx_word' id='word_1_45' title='bbox 640 738 918 837; x_wconf 82' lang='lat' dir='ltr'>conceptionis,</span> <span class='ocrx_word' id='word_1_46' title='bbox 943 738 1031 837; x_wconf 84' lang='lat' dir='ltr'>quia</span> <span class='ocrx_word' id='word_1_47' title='bbox 1054 761 1098 808; x_wconf 80' lang='lat' dir='ltr'>ea</span> <span class='ocrx_word' id='word_1_48' title='bbox 1116 758 1210 807; x_wconf 85' lang='lat' dir='ltr'>novo</span> <span class='ocrx_word' id='word_1_49' title='bbox 1233 736 1335 811; x_wconf 81' lang='lat' dir='ltr'>coitu</span> 
     </span>
     <span class='ocr_line' id='line_1_7' title="bbox 252 832 1334 934; baseline -0.002 -27"><span class='ocrx_word' id='word_1_50' title='bbox 252 837 402 907; x_wconf 85' lang='lat' dir='ltr'>materia</span> <span class='ocrx_word' id='word_1_51' title='bbox 421 833 485 906; x_wconf 85' lang='lat' dir='ltr'>illa</span> <span class='ocrx_word' id='word_1_52' title='bbox 502 832 671 906; x_wconf 82' lang='lat' dir='ltr'>nondum</span> <span class='ocrx_word' id='word_1_53' title='bbox 688 834 797 934; x_wconf 73' lang='lat' dir='ltr'>pienti</span> <span class='ocrx_word' id='word_1_54' title='bbox 813 836 968 908; x_wconf 83' lang='lat' dir='ltr'>formata</span> <span class='ocrx_word' id='word_1_55' title='bbox 988 890 998 923; x_wconf 86' lang='lat'><strong>,</strong></span> <span class='ocrx_word' id='word_1_56' title='bbox 1029 833 1135 906; x_wconf 70' lang='lat' dir='ltr'>facile</span> <span class='ocrx_word' id='word_1_57' title='bbox 1152 833 1334 932; x_wconf 82' lang='lat' dir='ltr'>dispergi·</span> 
     </span>
     <span class='ocr_line' id='line_1_8' title="bbox 252 928 1339 1034; baseline -0.001 -28"><span class='ocrx_word' id='word_1_58' title='bbox 252 947 336 1007; x_wconf 87' lang='lat' dir='ltr'>tur:</span> <span class='ocrx_word' id='word_1_59' title='bbox 358 959 445 1005; x_wconf 87' lang='lat' dir='ltr'>nam</span> <span class='ocrx_word' id='word_1_60' title='bbox 460 934 546 1004; x_wconf 84' lang='lat' dir='ltr'>licet</span> <span class='ocrx_word' id='word_1_61' title='bbox 561 936 688 1005; x_wconf 77' lang='lat' dir='ltr'><strong>matrix</strong></span> <span class='ocrx_word' id='word_1_62' title='bbox 707 950 788 1031; x_wconf 87' lang='lat' dir='ltr'>post</span> <span class='ocrx_word' id='word_1_63' title='bbox 804 936 1085 1034; x_wconf 72' lang='lat' dir='ltr'><strong>conceptionem</strong></span> <span class='ocrx_word' id='word_1_64' title='bbox 1098 933 1217 1005; x_wconf 83' lang='lat' dir='ltr'>statim</span> <span class='ocrx_word' id='word_1_65' title='bbox 1237 928 1339 1005; x_wconf 81' lang='lat' dir='ltr'>clau·</span> 
     </span>
     <span class='ocr_line' id='line_1_9' title="bbox 254 1029 1337 1123; baseline -0.002 -20"><span class='ocrx_word' id='word_1_66' title='bbox 254 1031 362 1104; x_wconf 84' lang='lat' dir='ltr'>datur</span> <span class='ocrx_word' id='word_1_67' title='bbox 379 1046 527 1118; x_wconf 76' lang='lat' dir='ltr'>‚tamen</span> <span class='ocrx_word' id='word_1_68' title='bbox 546 1044 558 1123; x_wconf 90' lang='lat'>(</span> <span class='ocrx_word' id='word_1_69' title='bbox 575 1046 616 1102; x_wconf 88' lang='lat' dir='ltr'>ut</span> <span class='ocrx_word' id='word_1_70' title='bbox 637 1034 686 1103; x_wconf 82' lang='lat' dir='ltr'>ait</span> <span class='ocrx_word' id='word_1_71' title='bbox 701 1033 913 1121; x_wconf 82' lang='lat' dir='ltr'>Avicenna)</span> <span class='ocrx_word' id='word_1_72' title='bbox 930 1059 974 1106; x_wconf 78' lang='lat' dir='ltr'>ca</span> <span class='ocrx_word' id='word_1_73' title='bbox 990 1031 1197 1105; x_wconf 84' lang='lat' dir='ltr'>vehementi</span> <span class='ocrx_word' id='word_1_74' title='bbox 1206 1029 1337 1102; x_wconf 83' lang='lat' dir='ltr'>delec-</span> 
     </span>
     <span class='ocr_line' id='line_1_10' title="bbox 252 1128 1336 1232; baseline 0 -29"><span class='ocrx_word' id='word_1_75' title='bbox 252 1130 392 1203; x_wconf 81' lang='lat' dir='ltr'>tatione</span> <span class='ocrx_word' id='word_1_76' title='bbox 406 1128 522 1202; x_wconf 80' lang='lat' dir='ltr'>coitirs</span> <span class='ocrx_word' id='word_1_77' title='bbox 536 1131 694 1219; x_wconf 85' lang='lat' dir='ltr'>irritata,</span> <span class='ocrx_word' id='word_1_78' title='bbox 712 1131 911 1229; x_wconf 82' lang='lat' dir='ltr'>aliquandd</span> <span class='ocrx_word' id='word_1_79' title='bbox 927 1132 1088 1232; x_wconf 87' lang='lat' dir='ltr'>aperitur</span> <span class='ocrx_word' id='word_1_80' title='bbox 1102 1185 1111 1216; x_wconf 85' lang='lat'>‚</span> <span class='ocrx_word' id='word_1_81' title='bbox 1132 1145 1169 1201; x_wconf 86' lang='lat' dir='ltr'>et</span> <span class='ocrx_word' id='word_1_82' title='bbox 1183 1130 1336 1203; x_wconf 82' lang='lat' dir='ltr'>materia</span> 
     </span>
     <span class='ocr_line' id='line_1_11' title="bbox 143 1216 1338 1315; baseline -0.001 -14"><span class='ocrx_word' id='word_1_83' title='bbox 143 1262 145 1267; x_wconf 96' lang='lat'>·</span> <span class='ocrx_word' id='word_1_84' title='bbox 253 1229 470 1301; x_wconf 83' lang='lat' dir='ltr'>effunditur.</span> <span class='ocrx_word' id='word_1_85' title='bbox 488 1229 568 1300; x_wconf 86' lang='lat' dir='ltr'>Hoc</span> <span class='ocrx_word' id='word_1_86' title='bbox 581 1242 702 1301; x_wconf 86' lang='lat' dir='ltr'>tamen</span> <span class='ocrx_word' id='word_1_87' title='bbox 726 1254 802 1301; x_wconf 89' lang='grc' dir='ltr'><strong>ιιοιι</strong></span> <span class='ocrx_word' id='word_1_88' title='bbox 823 1229 1011 1315; x_wconf 84' lang='lat' dir='ltr'>obstante,</span> <span class='ocrx_word' id='word_1_89' title='bbox 1030 1216 1162 1302; x_wconf 85' lang='lat' dir='ltr'>diodnt</span> <span class='ocrx_word' id='word_1_90' title='bbox 1181 1227 1338 1300; x_wconf 77' lang='lat' dir='ltr'>Pontius</span> 
     </span>
     <span class='ocr_line' id='line_1_12' title="bbox 253 1324 1337 1426; baseline -0.002 -26"><span class='ocrx_word' id='word_1_91' title='bbox 253 1327 340 1401; x_wconf 89' lang='lat' dir='ltr'>dict.</span> <span class='ocrx_word' id='word_1_92' title='bbox 365 1354 403 1400; x_wconf 93' lang='grc' dir='ltr'>ιι.</span> <span class='ocrx_word' id='word_1_93' title='bbox 422 1350 441 1426; x_wconf 80' lang='lat'>7</span> <span class='ocrx_word' id='word_1_94' title='bbox 458 1324 534 1398; x_wconf 89' lang='lat' dir='ltr'>Pal.</span> <span class='ocrx_word' id='word_1_95' title='bbox 560 1353 595 1398; x_wconf 90' lang='grc' dir='ltr'>ιι.</span> <span class='ocrx_word' id='word_1_96' title='bbox 624 1353 678 1399; x_wconf 92' lang='grc' dir='ltr'>ιι.</span> <span class='ocrx_word' id='word_1_97' title='bbox 701 1328 837 1403; x_wconf 84' lang='lat' dir='ltr'>Sanch.</span> <span class='ocrx_word' id='word_1_98' title='bbox 857 1328 946 1403; x_wconf 85' lang='lat' dir='ltr'>dict.</span> <span class='ocrx_word' id='word_1_99' title='bbox 963 1355 1001 1402; x_wconf 93' lang='grc' dir='ltr'>ιι.</span> <span class='ocrx_word' id='word_1_100' title='bbox 1025 1354 1038 1402; x_wconf 95' lang='grc' dir='ltr'>ι</span> <span class='ocrx_word' id='word_1_101' title='bbox 1063 1330 1270 1421; x_wconf 81' lang='lat' dir='ltr'>cum-Aug.</span> <span class='ocrx_word' id='word_1_102' title='bbox 1297 1339 1337 1398; x_wconf 85' lang='lat' dir='ltr'>et</span> 
     </span>
     <span class='ocr_line' id='line_1_13' title="bbox 252 1422 1332 1525; baseline -0.003 -27"><span class='ocrx_word' id='word_1_103' title='bbox 252 1426 401 1525; x_wconf 76' lang='lat' dir='ltr'>sylvest.</span> <span class='ocrx_word' id='word_1_104' title='bbox 431 1429 582 1521; x_wconf 86' lang='lat' dir='ltr'>(contra</span> <span class='ocrx_word' id='word_1_105' title='bbox 604 1424 784 1520; x_wconf 73' lang='lat' dir='ltr'>Tabietr.)</span> <span class='ocrx_word' id='word_1_106' title='bbox 803 1453 845 1500; x_wconf 89' lang='lat' dir='ltr'>ac</span> <span class='ocrx_word' id='word_1_107' title='bbox 866 1430 967 1501; x_wconf 79' lang='lat' dir='ltr'>Boss</span> <span class='ocrx_word' id='word_1_108' title='bbox 997 1455 1035 1501; x_wconf 90' lang='grc' dir='ltr'>ιι.</span> <span class='ocrx_word' id='word_1_109' title='bbox 1063 1427 1106 1499; x_wconf 85' lang='grc' dir='ltr'>ι8</span> <span class='ocrx_word' id='word_1_110' title='bbox 1134 1448 1222 1497; x_wconf 87' lang='lat' dir='ltr'>cum</span> <span class='ocrx_word' id='word_1_111' title='bbox 1243 1422 1332 1496; x_wconf 86' lang='lat' dir='ltr'>Fill.</span> 
     </span>
     <span class='ocr_line' id='line_1_14' title="bbox 253 1521 1334 1625; baseline -0.003 -26"><span class='ocrx_word' id='word_1_112' title='bbox 253 1525 362 1599; x_wconf 86' lang='lat' dir='ltr'>Hurt.</span> <span class='ocrx_word' id='word_1_113' title='bbox 384 1526 502 1603; x_wconf 84' lang='lat' dir='ltr'>Pe‘rez,</span> <span class='ocrx_word' id='word_1_114' title='bbox 515 1539 550 1594; x_wconf 86' lang='lat' dir='ltr'>et</span> <span class='ocrx_word' id='word_1_115' title='bbox 559 1524 746 1622; x_wconf 85' lang='lat' dir='ltr'>Raynaud.</span> <span class='ocrx_word' id='word_1_116' title='bbox 764 1526 864 1625; x_wconf 88' lang='lat' dir='ltr'>quod</span> <span class='ocrx_word' id='word_1_117' title='bbox 879 1529 976 1599; x_wconf 88' lang='lat' dir='ltr'>coire</span> <span class='ocrx_word' id='word_1_118' title='bbox 989 1550 1076 1599; x_wconf 91' lang='lat' dir='ltr'>cum</span> <span class='ocrx_word' id='word_1_119' title='bbox 1089 1521 1153 1596; x_wconf 70' lang='lat' dir='ltr'>tali</span> <span class='ocrx_word' id='word_1_120' title='bbox 1165 1522 1334 1625; x_wconf 86' lang='lat' dir='ltr'>periculo</span> 
     </span>
     <span class='ocr_line' id='line_1_15' title="bbox 253 1620 1340 1723; baseline 0.001 -29"><span class='ocrx_word' id='word_1_121' title='bbox 253 1648 329 1711; x_wconf 86' lang='grc' dir='ltr'><strong>ιιοιι</strong></span> <span class='ocrx_word' id='word_1_122' title='bbox 345 1622 703 1723; x_wconf 82' lang='lat' dir='ltr'>reputeturmortale</span> <span class='ocrx_word' id='word_1_123' title='bbox 719 1679 728 1709; x_wconf 84' lang='lat'>‚</span> <span class='ocrx_word' id='word_1_124' title='bbox 749 1625 835 1721; x_wconf 87' lang='lat' dir='ltr'>quia</span> <span class='ocrx_word' id='word_1_125' title='bbox 847 1628 913 1716; x_wconf 84' lang='lat' dir='ltr'>(ut</span> <span class='ocrx_word' id='word_1_126' title='bbox 929 1620 1175 1719; x_wconf 78' lang='lat' dir='ltr'>ajuntsanch.</span> <span class='ocrx_word' id='word_1_127' title='bbox 1195 1621 1340 1695; x_wconf 79' lang='lat' dir='ltr'>etBoa·</span> 
     </span>
     <span class='ocr_line' id='line_1_16' title="bbox 254 1722 1336 1816; baseline -0.005 -22"><span class='ocrx_word' id='word_1_128' title='bbox 254 1723 357 1814; x_wconf 84' lang='lat' dir='ltr'>sius)</span> <span class='ocrx_word' id='word_1_129' title='bbox 378 1745 464 1793; x_wconf 88' lang='lat' dir='ltr'>cum</span> <span class='ocrx_word' id='word_1_130' title='bbox 482 1723 628 1792; x_wconf 83' lang='lat' dir='ltr'>materia</span> <span class='ocrx_word' id='word_1_131' title='bbox 645 1747 721 1793; x_wconf 87' lang='lat' dir='ltr'>non</span> <span class='ocrx_word' id='word_1_132' title='bbox 743 1723 789 1793; x_wconf 88' lang='lat' dir='ltr'>sit</span> <span class='ocrx_word' id='word_1_133' title='bbox 809 1722 931 1796; x_wconf 86' lang='lat' dir='ltr'>adhitc</span> <span class='ocrx_word' id='word_1_134' title='bbox 949 1723 1100 1796; x_wconf 77' lang='lat' dir='ltr'>formata</span> <span class='ocrx_word' id='word_1_135' title='bbox 1119 1776 1129 1809; x_wconf 88' lang='lat'>‚</span> <span class='ocrx_word' id='word_1_136' title='bbox 1151 1733 1188 1793; x_wconf 85' lang='lat' dir='ltr'>ct</span> <span class='ocrx_word' id='word_1_137' title='bbox 1202 1724 1336 1816; x_wconf 77' lang='lat' dir='ltr'>conju·</span> 
     </span>
     <span class='ocr_line' id='line_1_17' title="bbox 256 1814 1366 1920; baseline -0.001 -28"><span class='ocrx_word' id='word_1_138' title='bbox 256 1846 315 1918; x_wconf 76' lang='lat' dir='ltr'>ges</span> <span class='ocrx_word' id='word_1_139' title='bbox 335 1820 422 1892; x_wconf 85' lang='lat' dir='ltr'>dent</span> <span class='ocrx_word' id='word_1_140' title='bbox 441 1844 589 1919; x_wconf 84' lang='lat' dir='ltr'>operam</span> <span class='ocrx_word' id='word_1_141' title='bbox 617 1822 670 1892; x_wconf 87' lang='lat' dir='ltr'>rei</span> <span class='ocrx_word' id='word_1_142' title='bbox 695 1821 825 1909; x_wconf 66' lang='lat' dir='ltr'>licito,</span> <span class='ocrx_word' id='word_1_143' title='bbox 854 1820 993 1895; x_wconf 86' lang='lat' dir='ltr'>utendo</span> <span class='ocrx_word' id='word_1_144' title='bbox 1019 1826 1100 1920; x_wconf 84' lang='lat' dir='ltr'>jura</span> <span class='ocrx_word' id='word_1_145' title='bbox 1117 1845 1204 1905; x_wconf 88' lang='lat' dir='ltr'>suo,</span> <span class='ocrx_word' id='word_1_146' title='bbox 1221 1814 1337 1891; x_wconf 71' lang='lat' dir='ltr'>modo</span> <span class='ocrx_word' id='word_1_147' title='bbox 1363 1824 1366 1831; x_wconf 85' lang='lat'>&#39;</span> 
     </span>
     <span class='ocr_line' id='line_1_18' title="bbox 255 1918 1337 2008; baseline -0.002 -17"><span class='ocrx_word' id='word_1_148' title='bbox 255 1918 425 1991; x_wconf 88' lang='lat' dir='ltr'>abortum</span> <span class='ocrx_word' id='word_1_149' title='bbox 453 1944 527 1990; x_wconf 91' lang='grc' dir='ltr'><strong>ιιοιι</strong></span> <span class='ocrx_word' id='word_1_150' title='bbox 543 1918 738 1991; x_wconf 85' lang='lat' dir='ltr'>intendant</span> <span class='ocrx_word' id='word_1_151' title='bbox 755 1922 945 2008; x_wconf 82' lang='lat' dir='ltr'>‚damnum</span> <span class='ocrx_word' id='word_1_152' title='bbox 962 1918 1058 1995; x_wconf 89' lang='lat' dir='ltr'>illud</span> <span class='ocrx_word' id='word_1_153' title='bbox 1072 1944 1149 1991; x_wconf 90' lang='grc' dir='ltr'><strong>ιιοιι</strong></span> <span class='ocrx_word' id='word_1_154' title='bbox 1170 1932 1226 1990; x_wconf 86' lang='lat' dir='ltr'>est</span> <span class='ocrx_word' id='word_1_155' title='bbox 1249 1931 1337 1990; x_wconf 82' lang='lat' dir='ltr'>tan·</span> 
     </span>
     <span class='ocr_line' id='line_1_19' title="bbox 253 2015 1335 2118; baseline -0.004 -26"><span class='ocrx_word' id='word_1_156' title='bbox 253 2016 334 2092; x_wconf 78' lang='lat' dir='ltr'>tiam</span> <span class='ocrx_word' id='word_1_157' title='bbox 353 2075 360 2098; x_wconf 87' lang='lat'>,</span> <span class='ocrx_word' id='word_1_158' title='bbox 382 2031 423 2088; x_wconf 84' lang='lat' dir='ltr'>ut</span> <span class='ocrx_word' id='word_1_159' title='bbox 453 2015 627 2090; x_wconf 78' lang='lat' dir='ltr'>lethalem</span> <span class='ocrx_word' id='word_1_160' title='bbox 643 2020 839 2091; x_wconf 85' lang='lat' dir='ltr'>constituat</span> <span class='ocrx_word' id='word_1_161' title='bbox 859 2018 1022 2118; x_wconf 88' lang='lat' dir='ltr'>culpam.</span> <span class='ocrx_word' id='word_1_162' title='bbox 1045 2017 1117 2091; x_wconf 85' lang='lat' dir='ltr'>Sed</span> <span class='ocrx_word' id='word_1_163' title='bbox 1142 2015 1220 2090; x_wconf 79' lang='lat' dir='ltr'>haec</span> <span class='ocrx_word' id='word_1_164' title='bbox 1240 2018 1335 2089; x_wconf 76' lang='lat' dir='ltr'>ratio</span> 
     </span>
     <span class='ocr_line' id='line_1_20' title="bbox 253 2110 1336 2219; baseline 0 -31"><span class='ocrx_word' id='word_1_165' title='bbox 253 2115 348 2188; x_wconf 86' lang='lat' dir='ltr'>mibi</span> <span class='ocrx_word' id='word_1_166' title='bbox 373 2141 449 2187; x_wconf 90' lang='grc' dir='ltr'><strong>ιιοιι</strong></span> <span class='ocrx_word' id='word_1_167' title='bbox 465 2115 659 2212; x_wconf 81' lang='lat' dir='ltr'>probatur,</span> <span class='ocrx_word' id='word_1_168' title='bbox 676 2116 764 2215; x_wconf 83' lang='lat' dir='ltr'>quia</span> <span class='ocrx_word' id='word_1_169' title='bbox 778 2142 864 2189; x_wconf 86' lang='lat' dir='ltr'>corn</span> <span class='ocrx_word' id='word_1_170' title='bbox 879 2142 946 2219; x_wconf 87' lang='lat' dir='ltr'>per</span> <span class='ocrx_word' id='word_1_171' title='bbox 969 2115 1141 2217; x_wconf 81' lang='lat' dir='ltr'>copulam</span> <span class='ocrx_word' id='word_1_172' title='bbox 1155 2110 1336 2188; x_wconf 77' lang='lat' dir='ltr'>noceatiu·</span> 
     </span>
     <span class='ocr_line' id='line_1_21' title="bbox 253 2209 1339 2315; baseline 0.001 -29"><span class='ocrx_word' id='word_1_173' title='bbox 253 2217 359 2295; x_wconf 80' lang='lat' dir='ltr'>vitae,</span> <span class='ocrx_word' id='word_1_174' title='bbox 380 2214 435 2285; x_wconf 72' lang='lat' dir='ltr'>tel</span> <span class='ocrx_word' id='word_1_175' title='bbox 457 2214 665 2286; x_wconf 85' lang='lat' dir='ltr'>formationi</span> <span class='ocrx_word' id='word_1_176' title='bbox 686 2216 826 2313; x_wconf 82' lang='lat' dir='ltr'>prolis,</span> <span class='ocrx_word' id='word_1_177' title='bbox 845 2214 989 2315; x_wconf 70' lang='lat' dir='ltr'>Coniux</span> <span class='ocrx_word' id='word_1_178' title='bbox 1013 2229 1103 2289; x_wconf 88' lang='lat' dir='ltr'>tunc</span> <span class='ocrx_word' id='word_1_179' title='bbox 1124 2238 1200 2285; x_wconf 89' lang='lat' dir='ltr'>non</span> <span class='ocrx_word' id='word_1_180' title='bbox 1224 2209 1339 2287; x_wconf 83' lang='lat' dir='ltr'>habet</span> 
     </span>
     <span class='ocr_line' id='line_1_22' title="bbox 254 2310 1336 2414; baseline 0.001 -30"><span class='ocrx_word' id='word_1_181' title='bbox 254 2319 315 2414; x_wconf 80' lang='lat' dir='ltr'>jus</span> <span class='ocrx_word' id='word_1_182' title='bbox 327 2310 372 2385; x_wconf 81' lang='lat' dir='ltr'>ad</span> <span class='ocrx_word' id='word_1_183' title='bbox 386 2311 570 2409; x_wconf 87' lang='lat' dir='ltr'>copulam.</span> <span class='ocrx_word' id='word_1_184' title='bbox 589 2311 716 2385; x_wconf 85' lang='lat' dir='ltr'>Pottlts</span> <span class='ocrx_word' id='word_1_185' title='bbox 735 2313 877 2387; x_wconf 86' lang='lat' dir='ltr'>videtur</span> <span class='ocrx_word' id='word_1_186' title='bbox 891 2311 1091 2388; x_wconf 86' lang='lat' dir='ltr'>dicendum</span> <span class='ocrx_word' id='word_1_187' title='bbox 1111 2338 1187 2386; x_wconf 89' lang='grc' dir='ltr'><strong>ιιοιι</strong></span> <span class='ocrx_word' id='word_1_188' title='bbox 1208 2310 1336 2385; x_wconf 82' lang='lat' dir='ltr'>adesse</span> 
     </span>
     <span class='ocr_line' id='line_1_23' title="bbox 252 2409 1337 2511; baseline -0.001 -29"><span class='ocrx_word' id='word_1_189' title='bbox 252 2413 330 2484; x_wconf 82' lang='lat' dir='ltr'>tale</span> <span class='ocrx_word' id='word_1_190' title='bbox 384 2410 585 2495; x_wconf 69' lang='lat' dir='ltr'>siculum,</span> <span class='ocrx_word' id='word_1_191' title='bbox 612 2412 698 2511; x_wconf 86' lang='lat' dir='ltr'>quia</span> <span class='ocrx_word' id='word_1_192' title='bbox 719 2416 789 2499; x_wconf 86' lang='lat' dir='ltr'>(ut</span> <span class='ocrx_word' id='word_1_193' title='bbox 808 2412 937 2486; x_wconf 80' lang='lat' dir='ltr'>dicuat</span> <span class='ocrx_word' id='word_1_194' title='bbox 963 2412 1063 2485; x_wconf 85' lang='lat' dir='ltr'>idem</span> <span class='ocrx_word' id='word_1_195' title='bbox 1088 2409 1221 2485; x_wconf 80' lang='lat' dir='ltr'>Sanclr.</span> <span class='ocrx_word' id='word_1_196' title='bbox 1242 2436 1282 2484; x_wconf 91' lang='grc' dir='ltr'>ιι.</span> <span class='ocrx_word' id='word_1_197' title='bbox 1300 2432 1337 2507; x_wconf 86' lang='lat'>7.</span> 
     </span>
     <span class='ocr_line' id='line_1_24' title="bbox 255 2507 1336 2611; baseline -0.004 -26"><span class='ocrx_word' id='word_1_198' title='bbox 255 2509 333 2585; x_wconf 85' lang='lat' dir='ltr'>Pal.</span> <span class='ocrx_word' id='word_1_199' title='bbox 374 2568 380 2579; x_wconf 93' lang='lat'>.</span> <span class='ocrx_word' id='word_1_200' title='bbox 394 2536 433 2583; x_wconf 89' lang='lat' dir='ltr'>n.</span> <span class='ocrx_word' id='word_1_201' title='bbox 454 2538 505 2583; x_wconf 88' lang='grc' dir='ltr'>ιι.</span> <span class='ocrx_word' id='word_1_202' title='bbox 518 2511 618 2583; x_wconf 82' lang='lat' dir='ltr'>Bosa.</span> <span class='ocrx_word' id='word_1_203' title='bbox 634 2509 671 2583; x_wconf 90' lang='lat' dir='ltr'>d.</span> <span class='ocrx_word' id='word_1_204' title='bbox 683 2536 719 2583; x_wconf 90' lang='grc' dir='ltr'>ιι.</span> <span class='ocrx_word' id='word_1_205' title='bbox 734 2514 776 2584; x_wconf 90' lang='grc' dir='ltr'>ι8</span> <span class='ocrx_word' id='word_1_206' title='bbox 792 2512 936 2585; x_wconf 83' lang='lat' dir='ltr'>Holzm.</span> <span class='ocrx_word' id='word_1_207' title='bbox 946 2538 983 2611; x_wconf 92' lang='lat' dir='ltr'>p.</span> <span class='ocrx_word' id='word_1_208' title='bbox 994 2510 1065 2605; x_wconf 74' lang='grc'>463</span> <span class='ocrx_word' id='word_1_209' title='bbox 1080 2536 1166 2583; x_wconf 86' lang='lat' dir='ltr'>cum</span> <span class='ocrx_word' id='word_1_210' title='bbox 1178 2507 1336 2606; x_wconf 82' lang='lat' dir='ltr'>Illsung.</span> 
     </span>
     <span class='ocr_line' id='line_1_25' title="bbox 256 2606 1339 2710; baseline -0.002 -28"><span class='ocrx_word' id='word_1_211' title='bbox 256 2625 293 2682; x_wconf 86' lang='lat' dir='ltr'>et</span> <span class='ocrx_word' id='word_1_212' title='bbox 312 2610 405 2682; x_wconf 86' lang='lat' dir='ltr'>Boo.</span> <span class='ocrx_word' id='word_1_213' title='bbox 423 2637 458 2710; x_wconf 89' lang='lat' dir='ltr'>q.</span> <span class='ocrx_word' id='word_1_214' title='bbox 472 2606 497 2693; x_wconf 88' lang='grc'><strong>6</strong></span> <span class='ocrx_word' id='word_1_215' title='bbox 513 2624 605 2708; x_wconf 83' lang='lat' dir='ltr'>part.</span> <span class='ocrx_word' id='word_1_216' title='bbox 622 2607 647 2681; x_wconf 91' lang='lat'>6</span> <span class='ocrx_word' id='word_1_217' title='bbox 665 2634 703 2682; x_wconf 93' lang='grc' dir='ltr'>ιι.</span> <span class='ocrx_word' id='word_1_218' title='bbox 725 2635 767 2683; x_wconf 87' lang='lat'>12</span> <span class='ocrx_word' id='word_1_219' title='bbox 781 2637 866 2683; x_wconf 89' lang='lat' dir='ltr'>cum</span> <span class='ocrx_word' id='word_1_220' title='bbox 883 2612 975 2685; x_wconf 88' lang='lat' dir='ltr'>Con.</span> <span class='ocrx_word' id='word_1_221' title='bbox 997 2623 1034 2681; x_wconf 85' lang='lat' dir='ltr'>et</span> <span class='ocrx_word' id='word_1_222' title='bbox 1047 2609 1132 2705; x_wconf 76' lang='lat' dir='ltr'>neg.</span> <span class='ocrx_word' id='word_1_223' title='bbox 1149 2613 1339 2702; x_wconf 86' lang='lat' dir='ltr'>)commtr·</span> 
     </span>
     <span class='ocr_line' id='line_1_26' title="bbox 188 2706 1338 2806; baseline -0.003 -24"><span class='ocrx_word' id='word_1_224' title='bbox 188 2790 192 2797; x_wconf 48' lang='grc'><strong>,</strong></span> <span class='ocrx_word' id='word_1_225' title='bbox 255 2712 353 2782; x_wconf 81' lang='lat' dir='ltr'>niter</span> <span class='ocrx_word' id='word_1_226' title='bbox 371 2733 444 2781; x_wconf 89' lang='lat' dir='ltr'>non</span> <span class='ocrx_word' id='word_1_227' title='bbox 464 2706 567 2781; x_wconf 87' lang='lat' dir='ltr'>adest</span> <span class='ocrx_word' id='word_1_228' title='bbox 582 2706 656 2782; x_wconf 82' lang='lat' dir='ltr'>tale</span> <span class='ocrx_word' id='word_1_229' title='bbox 685 2707 911 2806; x_wconf 85' lang='lat' dir='ltr'>periculum,</span> <span class='ocrx_word' id='word_1_230' title='bbox 935 2707 1025 2781; x_wconf 90' lang='lat' dir='ltr'>dum</span> <span class='ocrx_word' id='word_1_231' title='bbox 1040 2707 1171 2781; x_wconf 78' lang='lat' dir='ltr'><strong>matrix</strong></span> <span class='ocrx_word' id='word_1_232' title='bbox 1187 2720 1338 2805; x_wconf 84' lang='lat' dir='ltr'>recepto</span> 
     </span>
     <span class='ocr_line' id='line_1_27' title="bbox 255 2803 1338 2905; baseline -0.005 -23"><span class='ocrx_word' id='word_1_233' title='bbox 255 2810 395 2882; x_wconf 85' lang='lat' dir='ltr'>semine</span> <span class='ocrx_word' id='word_1_234' title='bbox 421 2806 620 2879; x_wconf 71' lang='lat' dir='ltr'>arctissime</span> <span class='ocrx_word' id='word_1_235' title='bbox 639 2807 927 2905; x_wconf 77' lang='lat' dir='ltr'>constringitur,</span> <span class='ocrx_word' id='word_1_236' title='bbox 945 2832 1014 2882; x_wconf 86' lang='lat' dir='ltr'>nec</span> <span class='ocrx_word' id='word_1_237' title='bbox 1032 2803 1215 2878; x_wconf 63' lang='lat' dir='ltr'>ordinarii</span> <span class='ocrx_word' id='word_1_238' title='bbox 1235 2828 1338 2877; x_wconf 88' lang='lat' dir='ltr'>resc-</span> 
     </span>
     <span class='ocr_line' id='line_1_28' title="bbox 256 2900 1339 3005; baseline -0.006 -24"><span class='ocrx_word' id='word_1_239' title='bbox 256 2924 359 2982; x_wconf 86' lang='lat' dir='ltr'>ratur</span> <span class='ocrx_word' id='word_1_240' title='bbox 388 2930 454 3004; x_wconf 82' lang='lat' dir='ltr'>per</span> <span class='ocrx_word' id='word_1_241' title='bbox 483 2905 621 2979; x_wconf 89' lang='lat' dir='ltr'>coitum</span> <span class='ocrx_word' id='word_1_242' title='bbox 638 2962 647 2995; x_wconf 93' lang='lat'>,</span> <span class='ocrx_word' id='word_1_243' title='bbox 662 2919 704 2978; x_wconf 89' lang='lat' dir='ltr'>ut</span> <span class='ocrx_word' id='word_1_244' title='bbox 722 2906 874 2979; x_wconf 85' lang='lat' dir='ltr'>tradunt</span> <span class='ocrx_word' id='word_1_245' title='bbox 892 2906 970 3005; x_wconf 87' lang='lat' dir='ltr'>ipse</span> <span class='ocrx_word' id='word_1_246' title='bbox 988 2906 1173 2978; x_wconf 81' lang='lat' dir='ltr'>Arioenna</span> <span class='ocrx_word' id='word_1_247' title='bbox 1191 2916 1228 2975; x_wconf 86' lang='lat' dir='ltr'>et</span> <span class='ocrx_word' id='word_1_248' title='bbox 1240 2900 1339 2975; x_wconf 85' lang='lat' dir='ltr'>Va}-</span> 
     </span>
     <span class='ocr_line' id='line_1_29' title="bbox 255 3001 1338 3104; baseline -0.003 -28"><span class='ocrx_word' id='word_1_249' title='bbox 255 3004 390 3077; x_wconf 80' lang='lat' dir='ltr'>verdus</span> <span class='ocrx_word' id='word_1_250' title='bbox 423 3001 524 3104; x_wconf 87' lang='lat' dir='ltr'>apud</span> <span class='ocrx_word' id='word_1_251' title='bbox 551 3005 651 3078; x_wconf 86' lang='lat' dir='ltr'>Boss.</span> <span class='ocrx_word' id='word_1_252' title='bbox 685 3002 919 3091; x_wconf 68' lang='lat' dir='ltr'>lacessitam,</span> <span class='ocrx_word' id='word_1_253' title='bbox 952 3029 1038 3077; x_wconf 87' lang='lat' dir='ltr'>cum</span> <span class='ocrx_word' id='word_1_254' title='bbox 1056 3001 1239 3099; x_wconf 71' lang='lat' dir='ltr'>Coniuges</span> <span class='ocrx_word' id='word_1_255' title='bbox 1272 3001 1338 3073; x_wconf 66' lang='lat' dir='ltr'>itt-3</span> 
     </span>
     <span class='ocr_line' id='line_1_30' title="bbox 257 3100 1338 3189; baseline -0.003 -13"><span class='ocrx_word' id='word_1_256' title='bbox 257 3101 538 3176; x_wconf 85' lang='lat' dir='ltr'>discriminatim</span> <span class='ocrx_word' id='word_1_257' title='bbox 563 3100 767 3189; x_wconf 88' lang='lat' dir='ltr'>accedant,</span> <span class='ocrx_word' id='word_1_258' title='bbox 788 3117 825 3177; x_wconf 85' lang='lat' dir='ltr'>et</span> <span class='ocrx_word' id='word_1_259' title='bbox 849 3114 970 3179; x_wconf 80' lang='lat' dir='ltr'>tamen</span> <span class='ocrx_word' id='word_1_260' title='bbox 987 3100 1136 3174; x_wconf 78' lang='lat' dir='ltr'>abortus</span> <span class='ocrx_word' id='word_1_261' title='bbox 1153 3124 1229 3173; x_wconf 90' lang='lat' dir='ltr'>non</span> <span class='ocrx_word' id='word_1_262' title='bbox 1247 3124 1338 3173; x_wconf 73' lang='lat' dir='ltr'>atto·</span> 
     </span>
     <span class='ocr_line' id='line_1_31' title="bbox 241 3199 1339 3302; baseline -0.005 -26"><span class='ocrx_word' id='word_1_263' title='bbox 241 3201 391 3276; x_wconf 80' lang='lat' dir='ltr'>‘cedant</span> <span class='ocrx_word' id='word_1_264' title='bbox 406 3229 415 3285; x_wconf 90' lang='grc'>;</span> <span class='ocrx_word' id='word_1_265' title='bbox 431 3200 531 3275; x_wconf 73' lang='lat' dir='ltr'>unde</span> <span class='ocrx_word' id='word_1_266' title='bbox 554 3202 603 3273; x_wconf 86' lang='lat' dir='ltr'>ait</span> <span class='ocrx_word' id='word_1_267' title='bbox 618 3202 718 3275; x_wconf 77' lang='lat' dir='ltr'>Boos.</span> <span class='ocrx_word' id='word_1_268' title='bbox 736 3201 858 3301; x_wconf 87' lang='lat' dir='ltr'>quod,</span> <span class='ocrx_word' id='word_1_269' title='bbox 874 3199 1082 3302; x_wconf 82' lang='lat' dir='ltr'>usquedlrm</span> <span class='ocrx_word' id='word_1_270' title='bbox 1098 3222 1174 3273; x_wconf 89' lang='lat' dir='ltr'>non</span> <span class='ocrx_word' id='word_1_271' title='bbox 1194 3211 1339 3271; x_wconf 84' lang='lat' dir='ltr'>constet</span> 
     </span>
     <span class='ocr_line' id='line_1_32' title="bbox 257 3295 1338 3399; baseline -0.001 -27"><span class='ocrx_word' id='word_1_272' title='bbox 257 3300 499 3397; x_wconf 70' lang='lat' dir='ltr'>experiendi,</span> <span class='ocrx_word' id='word_1_273' title='bbox 522 3299 856 3399; x_wconf 47' lang='lat' dir='ltr'>aliquam‘uxorem</span> <span class='ocrx_word' id='word_1_274' title='bbox 871 3326 915 3373; x_wconf 84' lang='lat' dir='ltr'>ex</span> <span class='ocrx_word' id='word_1_275' title='bbox 927 3300 1025 3373; x_wconf 89' lang='lat' dir='ltr'>coitu</span> <span class='ocrx_word' id='word_1_276' title='bbox 1050 3298 1188 3397; x_wconf 84' lang='lat' dir='ltr'>pluries</span> <span class='ocrx_word' id='word_1_277' title='bbox 1203 3295 1338 3371; x_wconf 82' lang='lat' dir='ltr'>foetom</span> 
     </span>
     <span class='ocr_line' id='line_1_33' title="bbox 256 3392 1337 3500; baseline -0.005 -31"><span class='ocrx_word' id='word_1_278' title='bbox 256 3402 441 3483; x_wconf 83' lang='lat' dir='ltr'>emisisse,</span> <span class='ocrx_word' id='word_1_279' title='bbox 463 3422 540 3471; x_wconf 85' lang='lat' dir='ltr'>nott</span> <span class='ocrx_word' id='word_1_280' title='bbox 561 3404 613 3469; x_wconf 83' lang='lat' dir='ltr'>sit</span> <span class='ocrx_word' id='word_1_281' title='bbox 625 3398 925 3497; x_wconf 84' lang='lat' dir='ltr'>praesumendum</span> <span class='ocrx_word' id='word_1_282' title='bbox 944 3395 1152 3500; x_wconf 84' lang='lat' dir='ltr'>periculum</span> <span class='ocrx_word' id='word_1_283' title='bbox 1171 3392 1337 3469; x_wconf 74' lang='lat' dir='ltr'>abortiis.</span> 
     </span>
     <span class='ocr_line' id='line_1_34' title="bbox 257 3491 1339 3594; baseline -0.006 -23"><span class='ocrx_word' id='word_1_284' title='bbox 257 3495 378 3571; x_wconf 78' lang='lat' dir='ltr'>Tanto</span> <span class='ocrx_word' id='word_1_285' title='bbox 392 3495 516 3570; x_wconf 78' lang='lat' dir='ltr'>mittirs</span> <span class='ocrx_word' id='word_1_286' title='bbox 531 3512 652 3571; x_wconf 87' lang='lat' dir='ltr'>autem</span> <span class='ocrx_word' id='word_1_287' title='bbox 673 3496 791 3570; x_wconf 86' lang='lat' dir='ltr'>aderit</span> <span class='ocrx_word' id='word_1_288' title='bbox 809 3495 1107 3594; x_wconf 81' lang='lat' dir='ltr'>talepericulum</span> <span class='ocrx_word' id='word_1_289' title='bbox 1125 3550 1135 3582; x_wconf 84' lang='lat'>‚</span> <span class='ocrx_word' id='word_1_290' title='bbox 1153 3496 1184 3567; x_wconf 79' lang='lat' dir='ltr'>si</span> <span class='ocrx_word' id='word_1_291' title='bbox 1199 3491 1339 3565; x_wconf 77' lang='lat' dir='ltr'>lrabea-</span> 
     </span>
     <span class='ocr_line' id='line_1_35' title="bbox 256 3590 1340 3696; baseline -0.006 -27"><span class='ocrx_word' id='word_1_292' title='bbox 256 3610 318 3669; x_wconf 87' lang='lat' dir='ltr'>tur</span> <span class='ocrx_word' id='word_1_293' title='bbox 331 3594 464 3696; x_wconf 83' lang='lat' dir='ltr'>copula</span> <span class='ocrx_word' id='word_1_294' title='bbox 484 3611 648 3683; x_wconf 85' lang='lat' dir='ltr'>tempore</span> <span class='ocrx_word' id='word_1_295' title='bbox 663 3598 827 3694; x_wconf 82' lang='lat' dir='ltr'>proximo</span> <span class='ocrx_word' id='word_1_296' title='bbox 840 3597 982 3694; x_wconf 87' lang='lat' dir='ltr'>partui,</span> <span class='ocrx_word' id='word_1_297' title='bbox 999 3609 1041 3669; x_wconf 81' lang='lat' dir='ltr'>nt</span> <span class='ocrx_word' id='word_1_298' title='bbox 1059 3617 1249 3692; x_wconf 77' lang='lat' dir='ltr'>perperam</span> <span class='ocrx_word' id='word_1_299' title='bbox 1266 3590 1340 3663; x_wconf 90' lang='lat' dir='ltr'>ali·</span> 
     </span>
     <span class='ocr_line' id='line_1_36' title="bbox 259 3690 1338 3794; baseline -0.004 -26"><span class='ocrx_word' id='word_1_300' title='bbox 259 3696 322 3791; x_wconf 87' lang='lat' dir='ltr'>qui</span> <span class='ocrx_word' id='word_1_301' title='bbox 335 3695 516 3781; x_wconf 74' lang='lat' dir='ltr'>dixerunt,</span> <span class='ocrx_word' id='word_1_302' title='bbox 530 3708 713 3794; x_wconf 78' lang='lat' dir='ltr'>putantes,</span> <span class='ocrx_word' id='word_1_303' title='bbox 731 3710 821 3767; x_wconf 86' lang='lat' dir='ltr'>tunc</span> <span class='ocrx_word' id='word_1_304' title='bbox 832 3694 966 3791; x_wconf 83' lang='lat' dir='ltr'>exponi</span> <span class='ocrx_word' id='word_1_305' title='bbox 979 3692 1119 3793; x_wconf 87' lang='lat' dir='ltr'>prolem</span> <span class='ocrx_word' id='word_1_306' title='bbox 1132 3690 1338 3764; x_wconf 84' lang='lat' dir='ltr'>discrimini</span> 
     </span>
     <span class='ocr_line' id='line_1_37' title="bbox 258 3789 1338 3886; baseline -0.003 -21"><span class='ocrx_word' id='word_1_307' title='bbox 258 3794 529 3882; x_wconf 83' lang='lat' dir='ltr'>suffocationis;</span> <span class='ocrx_word' id='word_1_308' title='bbox 550 3820 634 3865; x_wconf 87' lang='lat' dir='ltr'>nam</span> <span class='ocrx_word' id='word_1_309' title='bbox 652 3791 769 3865; x_wconf 68' lang='lat' dir='ltr'>seriis</span> <span class='ocrx_word' id='word_1_310' title='bbox 787 3795 802 3886; x_wconf 72' lang='lat' dir='ltr'>l</span> <span class='ocrx_word' id='word_1_311' title='bbox 818 3808 858 3866; x_wconf 88' lang='lat' dir='ltr'>ut</span> <span class='ocrx_word' id='word_1_312' title='bbox 878 3794 930 3866; x_wconf 87' lang='lat' dir='ltr'>ait</span> <span class='ocrx_word' id='word_1_313' title='bbox 943 3794 1046 3866; x_wconf 87' lang='lat' dir='ltr'>Boss.</span> <span class='ocrx_word' id='word_1_314' title='bbox 1065 3817 1169 3864; x_wconf 82' lang='lat' dir='ltr'>num.</span> <span class='ocrx_word' id='word_1_315' title='bbox 1190 3789 1235 3862; x_wconf 87' lang='lat'>30</span> <span class='ocrx_word' id='word_1_316' title='bbox 1249 3812 1338 3862; x_wconf 87' lang='lat' dir='ltr'>cum</span> 
     </span>
     <span class='ocr_line' id='line_1_38' title="bbox 257 3887 1338 3992; baseline -0.007 -26"><span class='ocrx_word' id='word_1_317' title='bbox 257 3892 456 3992; x_wconf 85' lang='lat' dir='ltr'>Raynaudo</span> <span class='ocrx_word' id='word_1_318' title='bbox 471 3894 486 3987; x_wconf 94' lang='lat'>)</span> <span class='ocrx_word' id='word_1_319' title='bbox 502 3892 609 3967; x_wconf 84' lang='lat' dir='ltr'>foetus</span> <span class='ocrx_word' id='word_1_320' title='bbox 629 3888 814 3964; x_wconf 86' lang='lat' dir='ltr'>humanus</span> <span class='ocrx_word' id='word_1_321' title='bbox 838 3895 884 3965; x_wconf 80' lang='lat' dir='ltr'>itt</span> <span class='ocrx_word' id='word_1_322' title='bbox 907 3891 1118 3964; x_wconf 85' lang='lat' dir='ltr'>secundinis</span> <span class='ocrx_word' id='word_1_323' title='bbox 1139 3887 1338 3960; x_wconf 74' lang='lat' dir='ltr'>involvitu-</span> 
     </span>
     <span class='ocr_line' id='line_1_39' title="bbox 257 3984 1340 4089; baseline -0.003 -28"><span class='ocrx_word' id='word_1_324' title='bbox 257 4005 348 4077; x_wconf 84' lang='lat' dir='ltr'>tur,</span> <span class='ocrx_word' id='word_1_325' title='bbox 375 4008 415 4066; x_wconf 85' lang='lat' dir='ltr'>ut</span> <span class='ocrx_word' id='word_1_326' title='bbox 433 4017 516 4065; x_wconf 86' lang='lat' dir='ltr'>eum</span> <span class='ocrx_word' id='word_1_327' title='bbox 541 4016 612 4063; x_wconf 89' lang='lat' dir='ltr'>non</span> <span class='ocrx_word' id='word_1_328' title='bbox 635 3996 749 4089; x_wconf 86' lang='lat' dir='ltr'>possit</span> <span class='ocrx_word' id='word_1_329' title='bbox 773 4014 897 4063; x_wconf 87' lang='lat' dir='ltr'>semen</span> <span class='ocrx_word' id='word_1_330' title='bbox 921 3990 1144 4087; x_wconf 85' lang='lat' dir='ltr'>contingere.</span> <span class='ocrx_word' id='word_1_331' title='bbox 1170 3985 1267 4058; x_wconf 85' lang='lat' dir='ltr'>Hinc</span> <span class='ocrx_word' id='word_1_332' title='bbox 1286 3984 1340 4058; x_wconf 75' lang='lat' dir='ltr'>ait</span> 
     </span>
     <span class='ocr_line' id='line_1_40' title="bbox 255 4080 1336 4189; baseline -0.006 -29"><span class='ocrx_word' id='word_1_333' title='bbox 255 4080 335 4161; x_wconf 82' lang='lat' dir='ltr'>Per.</span> <span class='ocrx_word' id='word_1_334' title='bbox 352 4103 379 4162; x_wconf 85' lang='lat' dir='ltr'>t.</span> <span class='ocrx_word' id='word_1_335' title='bbox 393 4095 417 4184; x_wconf 76' lang='grc'><em>4</em></span> <span class='ocrx_word' id='word_1_336' title='bbox 431 4119 465 4188; x_wconf 94' lang='lat' dir='ltr'>p.</span> <span class='ocrx_word' id='word_1_337' title='bbox 480 4093 570 4189; x_wconf 60' lang='lat'>447,</span> <span class='ocrx_word' id='word_1_338' title='bbox 587 4090 792 4188; x_wconf 85' lang='lat' dir='ltr'>periculum</span> <span class='ocrx_word' id='word_1_339' title='bbox 808 4087 1044 4162; x_wconf 81' lang='lat' dir='ltr'>abortitstion</span> <span class='ocrx_word' id='word_1_340' title='bbox 1062 4090 1108 4158; x_wconf 77' lang='lat' dir='ltr'>ita</span> <span class='ocrx_word' id='word_1_341' title='bbox 1122 4081 1227 4158; x_wconf 69' lang='lat' dir='ltr'>facili</span> <span class='ocrx_word' id='word_1_342' title='bbox 1241 4106 1336 4182; x_wconf 81' lang='lat' dir='ltr'>prae·</span> 
     </span>
    </p>
   </div>
   <div class='ocr_carea' id='block_1_3' title="bbox 257 4178 1337 4293">
    <p class='ocr_par' dir='ltr' id='par_1_3' title="bbox 257 4178 1337 4293">
     <span class='ocr_line' id='line_1_41' title="bbox 257 4178 1337 4293; baseline -0.004 -33"><span class='ocrx_word' id='word_1_343' title='bbox 257 4189 480 4265; x_wconf 83' lang='lat' dir='ltr'>sumendum</span> <span class='ocrx_word' id='word_1_344' title='bbox 489 4216 504 4293; x_wconf 52' lang='grc' dir='ltr'>ξ</span> <span class='ocrx_word' id='word_1_345' title='bbox 519 4202 557 4266; x_wconf 84' lang='lat' dir='ltr'>et</span> <span class='ocrx_word' id='word_1_346' title='bbox 570 4185 658 4268; x_wconf 72' lang='lat' dir='ltr'>ides</span> <span class='ocrx_word' id='word_1_347' title='bbox 672 4214 751 4269; x_wconf 89' lang='grc' dir='ltr'><strong>ιιοιι</strong></span> <span class='ocrx_word' id='word_1_348' title='bbox 772 4213 849 4273; x_wconf 78' lang='lat' dir='ltr'>aeae</span> <span class='ocrx_word' id='word_1_349' title='bbox 868 4185 1049 4271; x_wconf 75' lang='lat' dir='ltr'>vexandos</span> <span class='ocrx_word' id='word_1_350' title='bbox 1062 4178 1245 4289; x_wconf 70' lang='lat' dir='ltr'>unijuge</span> <span class='ocrx_word' id='word_1_351' title='bbox 1257 4184 1337 4257; x_wconf 72' lang='lat' dir='ltr'>irn-</span> 
     </span>
    </p>
   </div>
   <div class='ocr_carea' id='block_1_4' title="bbox 0 0 1467 4709">
    <p class='ocr_par' dir='ltr' id='par_1_4' title="bbox 0 0 1467 4709">
     <span class='ocr_line' id='line_1_42' title="bbox 0 0 1467 4709; baseline 0 0"><span class='ocrx_word' id='word_1_352' title='bbox 0 0 1467 4709; x_wconf 95' lang='lat' dir='ltr'> </span> 
     </span>
    </p>
   </div>
  </div>
 </body>
</html>
