2917 4709
419 165 500 257 cap.
520 166 549 233 1.
558 163 649 234 Dub.
662 166 704 233 n.
715 166 766 236 De
773 162 991 257 Sponsilibur.
1180 158 1245 254 377

145 337 148 345 ,
170 276 208 351 tl.
226 304 256 350 c.
280 302 332 377 ¹9.
350 278 473 379 Laym
489 305 519 353 c.
547 307 559 353 r
584 281 695 374 nori.
713 279 806 373 not
821 295 844 353 t.
864 280 947 353 51).
967 280 1008 352 51
1031 303 1068 350 n.
1088 302 1121 351 ο.
1137 276 1248 350 Etnet

173 375 219 449 de
239 376 301 450 IV.
331 379 444 450 Praec.
471 404 509 450 n.
536 377 713 452 538·cum
736 380 840 479 Spor.
862 392 899 450 et
919 378 1119 451 communi.
1146 376 1191 448 ΙΙ.
1212 377 1248 449 Si

172 480 278 547 caosd
296 477 444 576 majoris
459 475 555 549 dotis
572 474 763 571 indignam
779 475 970 549 mulierem
986 480 1017 548 ei
1031 475 1118 549 dare
1136 475 1221 546 velit
1236 496 1246 564 3

169 570 343 648 Bellarm.
354 574 415 647 111.
424 576 460 648 Si
478 588 580 674 pater
592 573 680 645 velit
695 574 839 647 tradere
856 574 1098 648 tiliouxorem
1112 597 1248 670 aegram

169 684 233 741 aut
252 671 355 744 dnrae
371 671 592 746 conditionis
609 700 618 757 ;
635 671 780 746 Guttier
793 699 831 747 c„
846 695 894 771 79
909 699 945 744 n.
972 699 1024 771 ¹9·
1045 671 1107 745 lV.
1121 673 1248 763 Quan-

170 767 220 840 db
236 770 332 843 filius
346 775 364 843 ὲ
379 771 592 871 parentibus
611 772 689 869 inju
713 768 748 844 td
766 773 1036 871 opprimeretur
1054 792 1063 861 ;
1091 770 1248 845 Guttier.

123 956 130 973 Ι
167 866 234 938 ib..
250 868 297 941 V.
327 870 364 942 si
387 886 491 969 pater
515 869 646 970 procul
675 798 811 956 sistet,
843 882 879 941 et
905 868 1002 941 filins
1027 894 1102 942 non
1128 882 1251 965 posset

169 966 364 1042 commode
389 993 473 1041 eum
497 968 686 1040 certiorem
705 966 825 1041 faeere
840 1024 848 1050 ‚
865 966 1086 1067 credatque,
1110 980 1251 1065 patrem

72 1094 88 1121 ·
170 1062 330 1138 libenter
343 1090 607 1140 consensurum
626 1093 634 1135 τ
653 1067 783 1138 Genet.
804 1088 837 1139 c.
858 1066 882 1136 8
900 1090 933 1163 q.
961 1093 990 1136 r.
1013 1065 1076 1140 Vl.
1096 1065 1130 1136 Si
1150 1080 1253 1163 pater

167 1161 255 1235 idei)
271 1163 597 1263 prohibetiostum
613 1164 906 1247 Matrimonium·
922 1166 1007 1264 quia
1023 1163 1114 1251 vult,
1136 1162 1253 1235 lilium

171 1259 307 1334 ducere
332 1261 493 1363 aliquem
519 1279 643 1334 contra
665 1265 744 1360 ejus
766 1262 992 1335 voluntatem
1011 1290 1019 1332 :
1041 1262 1091 1343 in
1111 1264 1253 1335 Auctor

172 1359 328 1456 praefatae
354 1361 446 1434 Diss.
473 1360 496 1433 Ι.
516 1387 548 1434 c.
567 1359 649 1435 Vll.
672 1361 709 1432 si
733 1359 1031 1460 paterimpediat
1057 1360 1174 1432 filiunt
1206 1359 1252 1430 ab

150 1469 152 1472 ’
168 1456 294 1556 aliquo
320 1459 553 1534 matrimonio
570 1462 648 1533 sine
666 1461 760 1558 insta
782 1485 913 1550 eausa;
933 1474 1020 1532 tnnc
1036 1460 1132 1532 enirn
1153 1458 1253 1531 filins

170 1581 247 1629 non
266 1571 412 1630 tenetur
433 1555 609 1641 obedire,
636 1573 672 1629 et
695 1573 796 1656 pater
835 1561 966 1631 rariter
987 1573 1114 1655 peccat
1131 1557 1252 1656 impe-

168 1651 329 1745 diendo,
351 1670 390 1729 ut
408 1657 653 1730 communiter
671 1655 801 1728 dicunt
856 1657 911 1728 iva
932 1652 978 1729 de
1000 1657 1156 1737 Matr-im.
1176 1681 1210 1754 q.
1229 1657 1253 1749 4

171 1767 238 1826 art.
259 1779 333 1827 sn.
358 1779 390 1828 α.
409 1757 508 1829 Boss.
528 1779 559 1827 c.
586 1783 598 1828 r
623 1780 662 1826 u.
678 1754 727 1851 69
744 1752 829 1827 cum
849 1755 1002 1826 Guttier.
1019 1753 1160 1826 Rebell.
1181 1769 1250 1825 etc.

171 1877 214 1924 ac
232 1852 365 1924 Sanch.
386 1855 414 1925 l.
428 1857 454 1946 d
469 1853 514 1926 D.
535 1877 634 1925 2211·
651 1851 675 1925 6
691 1878 777 1925 com
796 1855 836 1926 P.
856 1855 941 1925 Soto
955 1851 1252 1959 „Gordubship

170 1964 208 2021 et
231 1951 342 2050 Vega.
368 1952 426 2023 An
453 1965 577 2023 antem
602 1964 703 2048 pater
726 1951 862 2049 injuste
880 1950 1084 2051 impediens
1106 1952 1252 2049 nuptias

170 2048 238 2120 filii
267 2050 428 2123 incurrat
452 2046 874 2139 'excommunicationem
902 2048 918 2120 i
947 2048 1103 2121 affirmat
1131 2050 1252 2139 Lo‘pez

170 2146 272 2246 apud
290 2147 422 2220 Sanch.
443 2147 468 2220 1.
488 2174 517 2219 e.
535 2173 613 2245 n.9
632 2172 675 2219 ex
692 2148 795 2219 Trid.
815 2172 901 2219 sess.
916 2148 964 2240 od
985 2172 1015 2218 c.
1032 2169 1056 2244 9
1074 2145 1136 2220 ubi
1155 2146 1254 2220 diei·

171 2260 232 2317 tur
246 2274 256 2316 z
269 2244 339 2316 Sub
353 2244 591 2316 anathematis
601 2244 728 2341 peno,
745 2270 849 2345 quum
866 2246 1050 2344 tpsofaeto
1066 2245 1251 2336 incurrant,

170 2369 217 2415 ue
239 2342 360 2443 quove}
381 2345 483 2415 modo
502 2341 629 2415 directi
654 2344 712 2414 rel
731 2342 893 2443 indracti
912 2342 1070 2415 subditos
1094 2368 1177 2415 suos
1202 2344 1260 2416 vel

169 2467 400 2540 quoscumque
413 2441 503 2512 nlius
520 2457 651 2537 cogeant
663 2480 680 2525 ‚·
700 2442 886 2538 quominus
902 2440 1005 2512 libert
1023 2441 1255 2512 Matrimonia
1384 2518 1389 2531 x

163 2537 391 2610 connubunt,
409 2537 481 2610 Sed
495 2538 612 2610 verilis
629 2548 764 2634 negant
779 2539 914 2612 Sanclr:
932 2532 1021 2610 ibid.
1036 2533 1127 2613 'eum
1143 2538 1255 2626 Mul„

172 2636 286 2708 Heur.
301 2636 401 2707 Gott.
423 2637 516 2707 tlan.
534 2652 570 2707 et
586 2638 775 2708 communi
793 2662 801 2720 ;
818 2660 925 2726 nam,
946 2650 985 2709 ut
1000 2648 1098 2735 patet
1112 2662 1154 2708 ex
1168 2662 1255 2708 eorr-

172 2746 276 2806 textu
290 2789 300 2822 ,
316 2732 525 2805 Concilium
540 2732 684 2805 tantbm
705 2733 756 2805 ibi
772 2728 937 2831 loquitur
956 2731 1000 2804 de
1014 2736 1256 2831 Dominioet

174 2829 466 2926 Magistratibus‚
493 2833 555 2929 qui
575 2845 711 2929 cogunt
734 2830 824 2902 alios
852 2833 897 2902 ad
922 2834 1078 2929 nuptias.
1102 2834 1254 2905 Proeter·

171 2928 384 3100 quamlpnod
405 2927 631 3028 probabilius
652 2928 750 3002 dicat
771 2928 878 3033 barb.
900 2931 936 3002 in
954 2929 1058 3003 Trid.
1077 2929 1101 3001 l.
1121 2958 1152 3003 c.
1173 2958 1207 3003 n.
1230 2956 1256 3029 9

169 3055 252 3099 sum
310 3055 363 3101 av.
389 3026 474 3101 Mol.
498 3030 606 3100 Pont.
627 3028 721 3100 Con.
744 3028 911 3102 Menoeh'.
935 3026 1046 3100 Heur.
1065 3044 1135 3102 etc.
1156 3052 1255 3129 prae·

170 3126 278 3198 fetam
313 3127 732 3200 excommunicationem
758 3126 876 3223 infligi
907 3130 925 3197 ὲ
958 3125 1148 3211 Concilio,
1179 3152 1254 3200 non

170 3228 296 3298 contri
311 3225 551 3323 impedientes
569 3229 588 3296 ὲ
604 3225 868 3312 Matrimoniis,
886 3223 950 3298 sed
965 3223 1109 3297 tautirnt
1126 3232 1256 3300 contet

170 3324 341 3417 cogentes
359 3322 406 3395 ad
421 3322 502 3398 illa.
996 3330 998 3333 ’
1181 3335 1184 3339 ’

218 3424 275 3493 An
299 3420 384 3493 verb
406 3420 591 3493 dissensus
612 3435 807 3520 parentum
826 3421 872 3493 sit
890 3432 954 3519 per
968 3444 1005 3495 se
1025 3427 1119 3518 justa
1138 3434 1255 3518 carust

159 3516 332 3592 solvendi
349 3518 532 3617 sponsalia
547 3518 664 3591 iVide
683 3518 841 3592 dicende
856 3544 891 3591 n.
906 3525 975 3617 877
987 3545 997 3611 ;
1009 3538 1043 3591 et
1063 3547 1109 3592 an
1129 3542 1258 3619 paren-

168 3632 220 3690 tes
237 3615 376 3715 possint
391 3614 620 3690 eshaererlnre
638 3617 734 3691 filios
751 3618 930 3691 nubentes
945 3623 1072 3691 contri
1089 3619 1257 3717 ipsorum

165 3716 415 3801 voluntatem,
445 3715 499 3787 vel
519 3714 702 3790 nubentes
723 3740 809 3791 cum
830 3713 1127 3816 indignisivide’
1154 3715 1257 3792 dieta

171 3813 238 3887 lib,
258 3814 281 3886 3
301 3839 405 3885 num.
426 3813 497 3912 947
518 3827 555 3885 et
570 3810 655 3911 948⁴.

216 3916 338 4005 Quoer.
365 3911 411 3984 Il.
439 3938 484 3983 an
513 3927 681 3984 teneatur
705 3912 800 3985 filius
827 3911 977 3985 obedire
1004 3908 1097 4012 p'ntri
1118 3914 1314 4009 prieti-es·

158 4009 284 4111 pienti
298 4062 319 4115 3·
337 4025 378 4087 ut
404 4009 681 4090 Matrimonium
703 4012 921 4104 contrabat,
938 4011 996 4087 vel
1024 4024 1065 4087 ut
1087 4009 1250 4114 aliquan
