2917 4709
235 202 303 293 388
460 202 532 271 Lib.
547 199 605 273 vt.
621 203 729 271 Traot.
743 202 802 273 vt.
815 200 867 273 De
877 202 1098 275 Matrimon'm.

234 312 306 387 sub
323 311 536 389 conditione
549 312 716 389 nubendi
736 314 846 401 alicui
862 316 955 402 viro,
972 316 1003 386 si
1023 314 1088 387 itta
1102 312 1163 391 alii
1177 310 1294 387 nubat
1306 309 1333 393 i,

233 415 305 499 Per
328 416 366 489 se
396 412 604 511 loquendo,
625 430 767 513 certum
793 430 868 503 est,
888 414 927 487 id
948 440 1024 489 nou
1049 412 1201 499 deberi,
1224 439 1266 485 ox
1291 409 1320 483 l.

234 512 331 585 Titio
366 513 387 608 S
422 539 433 583 t
468 509 506 595 ff,
542 511 588 585 de
622 514 769 588 Condit.
802 531 840 586 ot
863 515 1060 589 'Demonst
1093 513 1204 610 quia,
1232 537 1322 586 cum

235 602 350 683 iibere
375 610 487 709 possit
505 611 629 709 puella
653 613 743 685 tales
762 614 910 710 nuptias
933 626 1142 708 acceptare,
1163 608 1221 685 vel
1240 635 1322 684 res-

234 736 366 808 puere,
387 709 449 781 htc
464 734 538 781 non
554 708 697 784 iaeditur
713 710 863 784 libertas
876 711 924 783 ad
942 711 1243 792 Matrimonium,
1259 735 1322 782 re-

235 810 379 907 quisita.
399 806 673 905 Excipiendum
697 824 848 899 tamon,
877 811 948 880 nisi
973 808 1139 907 alioquin
1169 810 1190 879 b
1216 824 1321 907 patre

233 921 401 1003 gravetur
415 905 574 1002 legitimo
595 906 679 983 ttiae
698 905 820 981 debita
834 932 844 994 ς
860 906 919 980 rel
936 908 1005 979 nisi
1022 908 1100 1006 ipsa
1119 906 1322 980 inducatur

234 1003 281 1077 ad
302 1003 518 1080 nubendum
542 1033 626 1079 cum
645 1005 826 1103 iudign03
852 1007 939 1105 quia
963 1019 1051 1079 tunc
1067 1005 1236 1078 conditio
1253 1005 1319 1079 itta

233 1104 483 1201 rejiciturtam
514 1108 594 1177 ubm
612 1107 741 1204 turpis,
754 1121 790 1178 et
801 1101 956 1181 debetur
968 1105 1001 1179 ei
1015 1106 1185 1202 legatum,
1196 1108 1225 1175 si
1238 1106 1319 1201 ipsa

234 1200 350 1276 nubat
361 1131 690 1288 alii,ax‹i.Cumita
699 1202 1087 1300 §Videamus‚ff.eod.
1099 1206 1154 1276 tit.
1165 1204 1212 1275 itt
1223 1229 1322 1276 com·

233 1302 446 1375 munSatm.
462 1326 494 1375 c.
518 1327 581 1374 ru.
610 1325 671 1399 ¹⁰7
689 1317 724 1375 et
741 1301 843 1375 Boss.
856 1329 895 1389 c.
920 1327 955 1374 tt
981 1329 1018 1374 n.
1035 1299 1108 1393 468
1123 1326 1211 1374 cum
1228 1304 1323 1375 Rota

231 1396 337 1474 Rom.
352 1399 441 1473 Mor.
457 1402 563 1473 Gutt.
577 1398 666 1472 virt.
677 1402 802 1498 Laym.
817 1401 922 1472 Pout
933 1458 940 1480 ‚
952 1398 1027 1472 Vas
1056 1456 1065 1471 .
1081 1415 1149 1471 etc.
1164 1401 1255 1473 Item
1269 1402 1322 1474 ait

231 1426 1320 1598 Boon.469cumCor.Sauch.Gutt.Mol.Viil.eto.(eontra

234 1596 430 1687 Pontium,
452 1612 488 1672 at
512 1592 602 1673 aiios
623 1596 714 1669 ibid.
740 1600 772 1669 si
797 1596 945 1696 puella,
966 1610 1008 1669 ut
1030 1594 1174 1675 obediat
1191 1601 1287 1698 patri
1308 1653 1319 1681 ‚

232 1695 347 1768 alium
369 1694 504 1780 ducam
528 1695 638 1794 quia,
656 1695 780 1771 adbbc
800 1694 957 1773 admissa
977 1690 1182 1785 senteutit,
1205 1720 1321 1794 quam

232 1808 331 1867 tenet
347 1809 384 1867 et
400 1792 525 1893 objicit
541 1796 710 1881 Pontius,
724 1793 826 1893 quod
843 1794 919 1885 filia
938 1818 1011 1867 non
1028 1807 1174 1894 peccet,
1193 1796 1224 1865 si
1242 1821 1322 1867 uu·

230 1889 296 1966 bat
317 1917 482 1993 personas
502 1892 621 1990 dignae
639 1894 718 1987 sine
741 1916 926 1969 consensu
949 1897 1083 1991 patris,
1101 1906 1223 1964 tamen
1243 1897 1257 1985 (
1275 1906 1323 1966 ut

231 1987 400 2064 vidimus.
416 2017 454 2097 rr.
472 1992 574 2090 849)
594 2017 790 2067 commune
807 2006 863 2066 ast
880 1993 981 2066 inter·
993 1989 1072 2064 DD.
1096 2014 1173 2064 ease
1190 1996 1343 2065 contub·

232 2087 464 2171 honestatem
488 2116 563 2163 non
588 2104 779 2189 expectere
803 2089 843 2163 in
864 2091 1004 2188 nuptiis
1028 2089 1141 2189 patria
1161 2115 1323 2162 consen·

229 2213 313 2261 sum
329 2202 390 2278 ;ct
403 2185 507 2277 ideo,
526 2213 610 2261 cum
626 2187 751 2288 puella
766 2214 842 2262 non
859 2191 973 2287 possit
987 2185 1140 2261 honeste
1157 2188 1320 2277 nubere,

232 2301 335 2379 patre
352 2312 428 2360 non
445 2287 696 2361 consentiente
713 2343 722 2373 ,
739 2312 813 2360 non
829 2287 940 2362 dabat
954 2288 1072 2386 legato
1086 2287 1232 2384 privari.
1245 2288 1323 2361 Sed

230 2383 320 2457 huic
346 2383 562 2486 responderi
589 2400 710 2484 potest
736 2410 747 2478 ;
777 2386 879 2484 quud
907 2410 951 2459 ex
974 2385 1043 2458 hac
1066 2383 1196 2459 eadem
1223 2389 1321 2485 justa

230 2480 364 2571 causa,
385 2509 468 2555 uam
498 2481 519 2557 ὲ
544 2508 591 2556 na
615 2483 680 2558 illa
704 2484 866 2581 legatum
885 2486 1050 2574 amittat,
1076 2488 1162 2556 satis
1180 2481 1228 2556 ab
1245 2484 1335 2556 bu-·

231 2579 392 2678 jusmodi
426 2510 662 2658 debonestate
695 2598 953 2670 excusaretur,
981 2584 1013 2656 si
1045 2608 1133 2655 cum
1159 2604 1319 2682 persona

232 2678 419 2778 designata
439 2679 549 2777 digna
562 2683 640 2781 ipra
656 2682 824 2757 nuberet.

278 2774 432 2871 Quaerit.
451 2778 498 2851 V.
523 2784 582 2853 An
606 2780 768 2880 legatum
792 2778 967 2855 relictum
982 2777 1131 2851 mulieri
1151 2833 1160 2862 ,
1183 2791 1318 2851 utnon

231 2874 365 2965 nubat,
380 2875 557 2951 debeatur
571 2879 606 2952 ei
620 2881 650 2952 si
668 2879 818 2959 nubat?
834 2876 931 2965 Vide
948 2876 1046 2952 dicta
1064 2876 1132 2950 lib.
1150 2877 1171 2951 3
1187 2904 1224 2950 n.
1239 2879 1317 2975 930

231 3001 264 3046 r.
287 2973 384 3049 Dub.
403 3001 448 3072 7,
466 2974 531 3049 ubi
547 2975 726 3068 diximus,
745 2976 873 3053 debari
887 3034 897 3065 ‚
913 2978 944 3049 si
966 2975 1100 3057 mulier
1120 2975 1168 3050 sit
1184 2976 1284 3075 virgo
1306 3001 1318 3064 ;

230 3071 334 3146 scobs
355 3075 386 3147 si
402 3075 522 3149 vidua.

285 3205 302 3237 α
328 3173 437 3268 Resp.
453 3173 551 3247 aubi
564 3174 827 3249 Tridentinum
843 3201 921 3249 non
934 3187 990 3247 est
1002 3186 1191 3273 receptum
1206 3197 1318 3272 spon·

229 3299 249 3336 u
278 3268 367 3342 salia
393 3275 473 3367 jure
497 3274 649 3371 antiquo
665 3287 861 3347 transeunt
885 3274 925 3349 in
948 3273 1223 3349 Matrimonium
1250 3296 1319 3368 per

231 3400 250 3434 u
279 3357 414 3467 qriaeria
427 3370 527 3465 sigua
541 3386 688 3445 externa
701 3369 858 3445 maritali
869 3370 1004 3444 affectu
1015 3369 1176 3444 exhibita
1195 3424 1204 3455 ‚
1221 3395 1257 3441 v.
1276 3394 1317 3465 g.

231 3498 248 3530 n
278 3492 346 3566 per
365 3470 549 3567 copulam.
569 3471 683 3556 Dico,
700 3470 763 3543 ubi
780 3469 875 3542 Trr'a't
892 3483 962 3543 etc.
980 3473 1067 3569 quia
1088 3468 1149 3542 ubi
1167 3467 1240 3542 hoc
1259 3493 1320 3539 re·

182 3580 186 3589 ’
230 3594 248 3629 s
279 3578 430 3665 ceptum
448 3582 524 3653 est,
543 3568 621 3642 boec
633 3569 829 3665 siguanon
846 3584 991 3658 tenent,
1009 3572 1040 3645 si
1054 3565 1320 3643 eintstsudes-

231 3695 250 3732 ι)
280 3665 356 3738 tina
371 3694 381 3751 ;
400 3664 555 3767 idebque
568 3670 724 3766 graviter
741 3668 780 3741 in
800 3667 844 3741 iis
858 3669 1004 3770 peccari
1020 3681 1153 3768 potest.

626 3815 728 3887 Unde
758 3815 923 3917 sequitur.

172 3993 225 4058 ⁸⁵4
282 3990 302 4029 u
329 3960 480 4053 Sponsis
509 3988 583 4036 non
608 3961 723 4037 licent
749 3977 866 4039 tactus
888 3959 1092 4063 impudici,
1115 3987 1204 4037 cum
1231 3987 1319 4062 pro·

195 4064 197 4069 ’
232 4089 249 4125 υ
279 4059 375 4137 :rime
392 4060 591 4163 disponant
612 4061 658 4137 ad
680 4064 880 4177 copulam,
903 4058 1229 4161 atpottutiouemr
1247 4063 1319 4136 etsi
