2917 4709
247 214 321 293 ‘eoo
361 222 436 289 Lib.
447 220 506 290 vt.
518 206 626 289 Trait.
636 219 696 291 tv.
713 218 764 287 De
773 182 985 295 ‘Sacramenta
999 218 1211 303 Poeniteutr‘ae.

256 332 385 407 laudat
403 333 595 406 mulierem
612 332 657 405 de
672 332 952 431 pulchritudine
965 333 988 404 t
998 333 1193 406 Affirmant
1207 334 1343 418 Potest.

257 458 296 504 n.
324 434 405 525 554.
434 435 525 505 Bon.
556 432 769 521 Tancredi,
798 445 835 504 et
862 433 1009 530 Peyrin.
1038 432 1126 505 item
1157 433 1346 517 Aenona.

255 530 366 604 Barb.
390 545 428 605 et
448 529 645 603 Sanctarel.
671 529 772 627 apud
789 529 922 602 Esuub.
944 556 980 603 n.
1005 521 1079 605 638
1101 545 1138 601 et
1160 530 1347 604 consentit

254 627 362 702 Dian.
381 657 418 727 p⁴
437 655 462 727 9
478 646 523 701 tr.
540 655 565 726 9
584 630 623 701 R.
643 627 702 711 32,
714 629 746 700 ai
763 628 844 700 talis
859 628 1022 701 laudatio
1039 630 1102 701 fiat
1117 629 1194 702 sine
1213 628 1262 701 ali
1294 656 1342 702 ua

258 729 471 812 occasione,
494 752 579 824 qnia
598 727 812 825 regulariter
835 728 961 799 amasii
982 727 1172 811 immines,
1192 741 1233 798 ut
1257 654 1347 800 illi·

257 827 355 898 ciant
376 826 422 898 ed
443 823 699 924 peccandum,
719 824 764 897 de
789 825 1070 924 pulchritudine
1089 825 1255 898 landant.
1271 826 1348 899 Ne·

282 938 345 995 ant
368 924 454 997 tero
475 926 504 997 F
508 925 618 1010 reita,
645 923 780 996 Thom.
804 923 961 997 Hurtad.
987 924 1072 997 Eso.
1099 930 1120 997 a
1146 927 1282 1008 Curru,
1310 939 1348 997 et

255 950 403 1095 §ousae
434 1022 594 1095 AEscob.
609 1050 646 1094 n.
663 1022 750 1121 6394
768 1028 853 1119 quia
870 1025 909 1106 is,
925 1023 991 1123 qui
1007 1021 1133 1095 laudat
1148 1022 1344 1095 mulierem

192 1168 196 1179 ·
256 1120 305 1192 de
319 1050 598 1220 pulcinitudiue
615 1120 734 1194 verbis
752 1119 967 1193 decentibus
984 1176 994 1201 ‚
1012 1148 1094 1193 nun«
1106 1122 1242 1197 dicitur
1258 1147 1346 1195 cum

256 1217 321 1291 illa
340 1219 473 1294 habere
489 1232 662 1292 tractatus
677 1219 903 1292 inhonestos.
919 1219 992 1292 Sed
1008 1219 1141 1292 melius
1154 1218 1348 1317 distinguit

256 1319 428 1418 praefatus
442 1317 577 1391 Escob.
601 1346 641 1389 n.
659 1317 731 1413 640
755 1318 894 1408 dicens,
915 1317 1028 1417 quod,
1046 1320 1075 1391 si
1093 1342 1137 1390 ex
1159 1318 1270 1391 modo
1288 1317 1350 1390 lo-

257 1416 396 1515 quendi
411 1473 421 1507 ‚
436 1432 498 1489 aut
514 1416 592 1488 aliis
608 1417 893 1490 circumstantiis
909 1416 1135 1513 disguocitur
1149 1417 1350 1491 Confessa-

256 1514 333 1588 rius
349 1515 500 1588 laudare
515 1513 829 1615 pulchritudinem
847 1540 890 1588 ex
906 1541 1016 1612 pravo
1031 1514 1164 1588 affeetu
1178 1572 1187 1603 ,
1199 1530 1288 1587 tnnc
1303 1514 1355 1589 sit

254 1613 539 1687 denunciandus
557 1639 567 1705 3
586 1612 690 1687 secus
712 1615 745 1686 si
765 1613 931 1686 laudaret
952 1638 994 1685 ex
1018 1615 1350 1713 quadam-impru-

253 1710 381 1784 dentia
407 1769 416 1803 ,
443 1710 501 1785 rel
527 1713 639 1784 animi
672 1712 829 1785 levitate.
862 1715 1001 1785 Arserit
1029 1712 1116 1785 rerd
1138 1722 1180 1785 ut
1205 1729 1353 1786 certum

247 1809 390 1884 Potest.
422 1836 459 1884 n.
487 1811 558 1905 554
586 1812 624 1883 in
648 1811 740 1900 fine,
761 1809 1063 1883 denunciandum
1093 1835 1172 1884 esse
1193 1812 1354 1884 Confes-

254 1911 398 1991 sarium
433 1912 498 2009 qai
524 1908 652 1983 laudat
681 1910 838 1983 {amulae
868 1911 1062 1983 confitenti
1096 1906 1353 2007 pulchritudi-

256 2032 343 2079 nem
363 2007 550 2096 dominre‚
577 2032 708 2105 rogans
729 2033 836 2092 eam,
862 2024 903 2081 ut
923 2006 1082 2081 dominae
1101 2009 1257 2094 referat3
1283 2007 1352 2082 sed

257 2106 364 2178 etiam
379 2106 417 2176 iu
434 2105 504 2179 huc
520 2132 602 2180 casu
621 2104 708 2180 dico
723 2133 790 2206 per
817 2105 1006 2179 endendae
1020 2131 1097 2179 esse
1109 2108 1354 2189 circumstan-

222 2226 227 2231 ’
256 2203 324 2281 tias
340 2259 349 2289 ,
365 2204 432 2274 etsi
447 2203 593 2277 'facilins
619 2220 726 2304 puto,
739 2206 776 2276 in
790 2134 866 2277 'inc
886 2202 1011 2278 adesse
1035 2204 1215 2279 indicium
1243 2205 1352 2305 pravi

248 2304 369 2389 tanimi
388 2299 574 2377 alliciendi
593 2301 784 2375 dominam
803 2302 909 2375 illam
930 2303 977 2376 ad
992 2318 1140 2405 turpem
1158 2303 1349 2377 affectum.

254 2399 304 2489 Et
320 2399 418 2473 idem
430 2399 556 2473 dicunt
576 2401 702 2476 nusi
719 2400 971 2475 confessarius
990 2404 1053 2474 det
1070 2404 1264 2501 poenitenti
1281 2401 1356 2475 do·

247 2523 348 2579 num
368 2500 490 2596 magni
508 2498 639 2571 valoris
656 2515 721 2589 ‚ut
740 2501 791 2571 ait
803 2501 911 2574 Dian.
932 2525 969 2600 p.
987 2525 1014 2598 9
1029 2516 1074 2572 tr.
1092 2526 1118 2601 9
1134 2501 1178 2573 ll.
1201 2501 1247 2593 34
1262 2526 1354 2574 cum

256 2594 394 2677 Escob.
424 2594 479 2670 vel
504 2599 719 2687 insolitum,
745 2614 785 2672 ut
812 2600 950 2672 Dicunt
970 2599 1083 2671 Salm.
1108 2625 1170 2671 uu.
1196 2600 1243 2692 34
1264 2626 1354 2673 cum

256 2694 340 2770 vat.
363 2696 469 2769 Hurt.
495 2695 638 2782 Pradu,
662 2710 729 2770 ete.
750 2697 1016 2772 Verumtamen
1038 2696 1232 2772 Burdunns
1251 2698 1356 2799 apud

252 2792 362 2873 Dian.
379 2797 511 2893 inquit,
522 2796 663 2867 dunum
678 2821 755 2868 esse
770 2796 860 2901 quid
875 2795 1088 2871 indifferens
1104 2820 1114 2882 t
1134 2796 1234 2869 unde
1255 2794 1354 2870 recti.

244 2893 425 2979 'subdunt
444 2897 623 2979 Auctores
644 2895 766 2977 citati,
785 2899 864 2994 ejus
880 2894 1057 2968 malitiam
1078 2894 1351 2990 conjiciendum

257 3016 333 3072 esse
357 3018 400 3065 ex
419 2992 628 3090 adjunctis,
648 2991 783 3094 nempe
803 3018 846 3065 ex
866 2994 1079 3070 conditione
1101 2996 1316 3093 poenitentis
1339 3044 1351 3083 ‚

259 3114 300 3164 ex
334 3093 539 3189 quantitate
569 3107 606 3163 et
638 3092 814 3192 qualitate
842 3089 962 3177 doni,
994 3108 1030 3166 et
1060 3116 1104 3164 ex
1134 3091 1248 3167 modo
1278 3115 1352 3189 quo

258 3189 327 3272 fir,
353 3206 422 3263 etc.
449 3189 656 3278 Caeterum,
682 3193 781 3289 juxta
806 3188 904 3262 dicta
929 3191 967 3263 iu
991 3189 1213 3291 precedenti
1233 3214 1356 3290 quaes·

256 3288 381 3374 tione,
403 3285 553 3386 quandd
580 3282 690 3362 rerba
717 3287 772 3360 vel
801 3287 895 3361 sacta
920 3302 1007 3362 snut
1031 3286 1229 3388 ambigua,
1250 3290 1354 3362 Con-

257 3385 429 3461 fessarius
456 3411 531 3458 non
562 3401 617 3459 est
645 3384 951 3475 denunciantur,
976 3386 1047 3461 nisi
1071 3388 1125 3459 de
1145 3393 1227 3487 ejus
1246 3412 1358 3488 pravo

258 3484 390 3557 affecto
411 3481 560 3556 moralis
578 3483 965 3558 habeaturcertitudo.
1024 3489 1027 3495 ’

202 3581 1355 3759 ttru?tttlltttttittttttttttlttntttt:

256 3779 546 3861 confessarium.
1097 3830 1100 3835 n

313 3906 343 3952 ι.
373 3880 409 3952 Si
437 3877 691 3953 confessarius
717 3877 817 3952 dicat
838 3880 1062 3978 poenitenti:
1088 3879 1218 3953 Tecum
1242 3876 1359 3951 nube-

255 4003 329 4059 rem
345 4035 356 4066 ,
371 3977 407 4049 ri
419 4003 535 4050 essem
559 3978 736 4050 secularis
754 4035 763 4065 ‚
785 3992 891 4076 negat
909 3976 1104 4052 Burdonus
1120 3978 1221 4075 apud
1240 3976 1356 4053 Dian.

289 4100 338 4173 .9
364 4091 469 4149 tract⁴
488 4100 513 4173 9
531 4076 571 4149 ll.
599 4076 645 4149 32
669 4100 748 4149 esce
774 4074 1107 4170 denunciandum
1132 4077 1217 4177 quia
1241 4074 1357 4150 rerba

254 4101 337 4261 laec
362 4199 440 4249 nou
463 4176 665 4277 important
689 4188 889 4277 peccatum!
908 4175 1092 4281 mortale,
1118 4175 1184 4253 sed
1212 4173 1361 4250 tantuna

99 4322 121 4365 Ἶ

376 4394 381 4429 i
