2917 4709
366 280 452 379 Cap.
468 281 496 352 l.
513 285 601 354 nub.
617 286 645 354 1.
655 288 707 356 De
721 285 939 381 Sponsalibus.
1132 284 1199 372 855

119 395 251 495 spontd
274 421 313 473 se
334 398 498 498 obligare
522 398 816 501 independenter
838 397 884 472 sb
902 398 1051 474 alterius
1070 422 1202 498 repro·

119 497 315 584 missione,
335 512 445 597 atque
466 495 537 570 huc
553 522 630 573 esse
648 512 791 574 eertum
811 523 821 590 3
843 524 929 571 nam
946 499 986 570 in
1002 494 1139 586 dubio,
1159 508 1201 569 ut

120 589 282 683 dieunt,
309 594 513 668 censendus
544 610 599 668 est
627 595 789 670 noluisse
813 596 890 670 sine
916 595 1221 695 repromissione

119 688 284 790 obligari.
307 695 357 767 Et
375 694 414 768 in
438 692 504 767 tali
523 720 609 768 casu
632 695 863 779 notandum,
887 693 989 794 qnod
1006 693 1201 795 promissio
1225 773 1227 781 k

120 788 186 861 illa
204 817 278 863 non
291 809 384 865 esset
402 793 551 891 sponsio
568 794 812 881 matrimonii,
832 791 988 891 ideoque
1003 817 1077 865 non
1094 788 1203 863 indu·

119 889 529 989 ceretimpedimentnm
537 888 698 991 publice
707 891 917 981 honestatis,
926 890 990 964 sed
1001 904 1203 963 essetmera

119 989 316 1085 promissio
327 992 494 1088 gratuita,
504 1015 616 1062 unam
629 989 774 1063 tantiam
787 1003 925 1087 partem
937 987 1113 1086 obligans,
1125 1013 1202 1061 non

118 1085 153 1156 ri
198 1084 321 1159 uidem
336 1086 586 1186 sponsalium,
604 1087 669 1162 sed
684 1088 718 1159 ri
735 1110 846 1160 merse
864 1085 1063 1159 fidelitatis.

169 1110 291 1274 guaer.
311 1183 353 1256 11.
374 1186 432 1258 An
455 1187 540 1285 quis,
551 1187 668 1288 possit
683 1210 721 1258 se
741 1184 902 1285 obligare
921 1183 969 1258 ad
986 1182 1256 1292 contrahere-337

124 1277 217 1352 dum
246 1284 522 1357 Matrimonium
546 1285 580 1355 ri
603 1286 768 1382 gratuiter
789 1284 1065 1383 promissionis,
1086 1281 1202 1356 libers

119 1395 333 1454 remanente
356 1382 468 1455 altera
497 1396 596 1482 psrte
620 1382 635 1454 ἓ
658 1381 783 1454 Pninu
808 1383 988 1455 sententia
1008 1396 1141 1480 neget,
1167 1396 1205 1452 et

120 1473 220 1551 hane
237 1491 364 1552 tenent
378 1481 485 1552 Punt.
504 1479 530 1553 l.
557 1506 598 1553 ra
618 1507 652 1554 c.
672 1483 694 1572 4
713 1506 751 1552 n.
777 1505 810 1553 2.
836 1506 921 1554 curn
945 1479 1061 1579 Vasq.
1085 1479 1204 1555 Cone.

121 1600 157 1668 p.
185 1575 231 1649 25
279 1601 317 1651 n.
342 1579 379 1650 6.
404 1593 441 1649 et
463 1575 693 1677 probabilem
714 1593 820 1651 rorat
843 1581 960 1652 Dians
983 1578 1005 1652 3
1031 1605 1068 1674 p.
1096 1590 1140 1651 tr.
1165 1583 1202 1668 4.

116 1671 158 1743 R.
175 1601 257 1768 add}⁶
273 1675 395 1761 Ratio,
411 1680 496 1775 quia
510 1690 717 1750 contractus
731 1675 1003 1774 sponsaliorum
1020 1690 1075 1748 est
1087 1676 1204 1748 instar

120 1770 330 1847 eorttracliss
346 1774 538 1871 cujusdem
554 1775 829 1872 permutationis
845 1798 854 1864 ς
871 1771 969 1846 unde
982 1776 1018 1844 in
1035 1798 1078 1845 eo
1092 1796 1203 1844 nemo
1245 1769 1253 1782 “

121 1881 242 1966 potest
257 1895 295 1942 se
311 1869 500 1972 obligare,
522 1874 592 1945 nisi
607 1871 677 1945 sub
701 1871 933 1964 conditione,
948 1885 990 1942 ut
1008 1868 1099 1943 alter
1116 1896 1204 1942 mu·
1238 1951 1246 1970 Ι

120 1981 186 2038 tuo
203 1993 241 2040 se
262 1968 409 2068 obliget.
429 1968 592 2043 Secunda
605 1968 891 2046 russurrensis
913 1967 1146 2043 communior
1166 1982 1206 2040 et

148 2064 347 2141 robabilidr
362 2065 538 2158 affirmat,
553 2094 707 2169 eamque
722 2083 852 2143 tenent
865 2071 952 2141 Bus.
972 2082 1012 2140 ut
1025 2070 1151 2167 supra,
1167 2081 1205 2139 et

120 2089 256 2236 lauch.
271 2165 300 2236 Ι.
324 2193 336 2239 1
357 2165 403 2238 D.
423 2168 445 2241 5
463 2193 500 2238 rr.
519 2193 573 2241 12.
590 2170 715 2264 Lsym.
733 2193 768 2241 c.
793 2193 858 2240 rn.
878 2167 1018 2240 2.Bon.
1037 2192 1073 2265 q.
1099 2193 1110 2237 r
1129 2192 1165 2265 p.
1185 2190 1200 2237 r

119 2286 160 2336 n.
179 2265 214 2337 8.
232 2263 367 2337 Escub.
391 2263 416 2336 l.
441 2262 485 2357 ad
505 2292 542 2337 n.
562 2291 620 2365 pr.
642 2266 747 2367 Spur.
764 2292 802 2339 n.
830 2264 907 2338 152.
929 2278 966 2337 et
986 2262 1097 2336 Salm.
1122 2289 1155 2334 c.
1184 2287 1200 2334 1

92 2363 100 2376 ’
119 2383 159 2433 n.
178 2385 233 2433 πο.
250 2387 337 2435 enm
358 2363 448 2436 Con.
467 2361 547 2437 Die.
565 2378 600 2436 et
618 2365 765 2440 Aversa.
783 2363 907 2454 Ratio,
925 2363 1039 2462 qnia,
1061 2360 1151 2434 licet
1167 2360 1206 2434 vi
1332 2427 1336 2442 ,

120 2460 375 2556 promissionis
408 2463 631 2561 sponsalitiae
650 2489 725 2537 non
755 2464 871 2561 possit
904 2487 1000 2533 unus
1015 2483 1206 2534 remanere

122 2553 327 2653 obligatus,
346 2557 460 2631 altero
482 2576 656 2634 manente
673 2560 789 2634 libero
804 2584 814 2648 3
830 2574 952 2631 tamen
969 2558 1064 2632 bene
1086 2567 1207 2658 potest

123 2652 258 2751 aliquis
268 2657 302 2728 ri
319 2656 498 2754 simplicis
507 2659 761 2756 promissionis
771 2661 935 2757 grutuitae
948 2682 986 2729 se
1000 2656 1209 2755 obstringe·

122 2774 163 2824 re
179 2749 507 2852 independenterd
524 2771 715 2830 contractu
738 2752 979 2853 sponsalium.
1007 2757 1062 2827 An
1084 2769 1208 2826 autem

118 2845 201 2923 liaeo
222 2850 416 2951 promissio
434 2851 572 2951 obliget
589 2853 659 2948 suls
683 2854 781 2952 gravi
807 2854 824 2925 i
847 2850 893 2940 Id
909 2850 1048 2951 pendet
1066 2849 1114 2925 ab
1133 2850 1208 2923 alia

105 2950 322 3117 {uestinos
346 2946 453 3022 sllnts
473 2949 498 3022 l.
523 2952 544 3024 3
564 2977 601 3023 n.
618 2977 701 3048 720.
720 2950 786 3025 ubi
803 2949 961 3044 diximus
981 2975 1066 3024 oum
1088 2950 1205 3048 Cajet.
1231 2956 1237 2963 ’

150 3071 239 3120 sun.
255 3045 346 3123 Led.
362 3048 473 3123 Henr.
492 3061 529 3122 et
541 3048 653 3124 Salm.
673 3075 718 3122 ex
737 3051 950 3123 auctoritate
968 3051 1013 3121 D.
1030 3047 1208 3137 Thomas,

82 3177 87 3186 ·
120 3147 206 3218 satis
233 3171 312 3219 esse
343 3145 576 3246 probabilem
604 3150 822 3222 sententiam
850 3147 1067 3245 negativam.
1096 3143 1208 3221 Recte

120 3240 207 3314 verd
226 3243 422 3318 advertunt
443 3248 550 3344 Spor.
569 3244 605 3321 sl.
633 3272 665 3320 c.
685 3262 722 3320 et
750 3242 882 3319 Tamb.
909 3245 956 3317 de
981 3246 1087 3320 Matr.
1112 3257 1158 3316 tr.
1182 3244 1206 3316 3
1251 3249 1254 3258 ’

126 3365 160 3413 c.
183 3365 196 3412 1
217 3341 238 3437 §
262 3368 274 3414 r
296 3369 323 3414 n
353 3344 388 3434 4.
408 3344 510 3445 qund
533 3343 750 3442 regulariter
769 3348 976 3442 numqudm
996 3342 1122 3441 sponsi
1145 3344 1207 3413 in-

132 3438 288 3513 tendant
318 3444 426 3536 gratis
454 3468 492 3516 se
521 3440 681 3543 obligare
712 3443 791 3516 sine
824 3441 1073 3527 conditione,
1103 3436 1208 3539 quud

122 3534 216 3609 alter
240 3537 348 3609 etiam
376 3564 415 3610 se
439 3539 585 3639 obliget.
975 3551 979 3558 ’
1098 3597 1101 3602 «

175 3665 195 3701 u
220 3635 366 3710 Dicitur
385 3638 418 3728 4.
438 3636 544 3732 Sr'gso
563 3663 760 3736 exprsmm
778 3638 864 3738 quia
881 3652 1091 3713 contractus
1109 3636 1265 3731 intera„

120 3764 140 3799 n
170 3733 341 3807 homines
358 3758 433 3807 non
452 3735 512 3819 iit,
527 3736 597 3809 nisi
614 3739 716 3837 signo
734 3752 895 3811 externo.
910 3734 1022 3817 Unde
1040 3759 1115 3807 nou
1134 3733 1208 3805 suf·

123 3861 145 3902 n
172 3833 249 3906 ficit
262 3832 310 3906 sd
326 3832 511 3931 sponsalia
522 3838 752 3912 taciturnitas
765 3837 876 3935 Caio,
892 3837 1001 3909 etism
1018 3857 1103 3905 oum
1118 3857 1208 3904 cun-

122 3958 141 3994 s
172 3955 281 4004 sensu
303 3932 451 4005 interno
471 3934 508 4003 in
529 3936 809 4032 promissionem
829 3930 1081 4013 matrimonii.
1104 3930 1208 4029 quod

29 4062 34 4069 ·
123 4055 146 4096 s
173 4028 291 4101 Titius
310 4029 344 4102 ei
363 4031 553 4126 promittit.
576 4030 613 4103 Si
633 4045 757 4106 tamen
778 4047 882 4131 pater
897 4087 906 4116 ,
924 4028 982 4103 rel
1003 4044 1119 4106 mater
1139 4052 1206 4128 pro

124 4153 145 4196 n
173 4124 268 4229 lilio„
281 4143 343 4203 eut
356 4127 456 4228 filia,
476 4142 694 4211 antourator
709 4156 776 4233 pro
791 4155 859 4220 eo,
879 4134 986 4228 cujus
1003 4128 1206 4225 curamha·
