2917 4709
277 227 280 236 '
297 213 380 308 Cep.
393 216 436 282 ΙΙ.
452 214 541 283 Dnb.
558 217 585 283 1.
602 217 651 283 De
667 213 871 286 sacramento
891 216 1035 285 Ordinis.
1084 230 1092 242 ⁴
1136 185 1208 284 ‘adi
1233 232 1237 274 s

123 324 260 425 probat
277 329 322 402 D.
344 329 416 402 Th.
436 355 478 402 ex
498 355 531 401 c.
552 353 596 400 ex
625 357 684 401 uu.
710 326 757 400 de
778 327 874 401 Cler.
896 353 961 428 per
979 325 1060 400 salt.
1087 325 1205 423 prom.

124 424 193 498 ubi
208 424 363 517 dicitur,
383 426 503 525 quod,
518 429 548 499 si
562 427 695 525 aliquis
709 423 1020 500 subdiaconatum
1032 429 1211 526 receperit

122 524 212 596 ante
235 523 356 599 usum
371 528 520 599 rationis
536 523 696 610 ,debeat
715 524 877 597 ordinari
910 524 994 599 ante
1024 525 1210 597 Diacona·

122 634 236 712 tum,
262 625 293 694 si
321 650 393 695 non
414 638 555 696 constet
577 624 623 696 de
649 623 749 695 illius
775 625 1028 724 susceptione,
1054 621 1157 695 secirs
1180 624 1212 695 si

128 735 281 793 constet.
293 723 401 798 Dicit
414 736 537 795 tamen
554 721 604 794 ih.
621 722 721 795 idem
741 723 962 818 Angelicns‚
985 720 1085 820 qnod
1100 721 1211 816 'pueri

128 818 215 891 ante
251 845 356 892 usum
391 822 541 893 rationis
576 847 651 895 non
688 818 981 919 possint·valide
1027 820 1212 920 suscipere

126 916 408 1017 Episcopatum.
800 929 803 938 ‘
972 927 976 952 '
1030 939 1035 954 ·

176 1046 204 1080 ·«
230 1019 338 1116 Resp,
360 1044 393 1088 2.
411 1017 462 1090 Ut
484 1016 586 1090 Ordo
613 1017 738 1107 licite,
756 1015 1011 1090 etse'cnndirm
1035 1020 1114 1113 jura
1136 1018 1270 1122 Eo-733

127 1142 148 1180 ι
179 1112 299 1187 clesiae
322 1116 388 1188 rite
407 1132 600 1198 sumatur,
621 1129 683 1189 aut
705 1141 780 1188 non
799 1116 1013 1188 incurratur¹
1029 1137 1182 1187 censura
1203 1173 1213 1202 ,

127 1241 150 1280 n
180 1215 379 1311 requiritur
401 1214 440 1285 in
464 1215 688 1314 recipiente,
715 1231 848 1314 praeter
869 1225 1003 1285 statum
1028 1215 1162 1309 gratiae.
1182 1215 1210 1286 l.

130 1340 152 1381 n
179 1310 231 1383 Ut
246 1337 323 1384 non
342 1314 388 1384 sit
403 1311 609 1411 neophytus
626 1315 642 1348 '
662 1312 733 1412 Qui
747 1328 863 1384 entem
891 1337 962 1383 non
992 1323 1086 1383 esset
1100 1311 1216 1410 bapti-

131 1439 152 1478 n
180 1425 283 1481 zetus
311 1414 400 1481 certe
428 1410 592 1482 Ordinem
618 1435 690 1483 non
719 1410 906 1507 reciperet,
937 1426 976 1480 nt
998 1423 1136 1480 constat
1166 1435 1216 1481 ex

133 1536 154 1576 n
184 1507 293 1580 Cone.
323 1507 469 1580 Nicaend
493 1510 582 1579 Can.
605 1531 648 1604 ¹9
667 1522 703 1579 et
722 1535 770 1580 esc
787 1534 816 1578 c.
842 1507 994 1578 Veniens
1020 1507 1064 1577 de
1090 1499 1214 1577 Presb.

132 1635 164 1679 »a
181 1629 252 1675 non
276 1605 404 1703 baptiz.
420 1607 434 1701 )
452 1605 469 1640 '⁸
498 1605 552 1677 vel
590 1607 752 1693 infamis,
780 1605 837 1677 vel
869 1603 1215 1705 hermaphroditm,

132 1733 154 1774 n
171 1701 491 1800 vrelirregularis,
526 1729 722 1802 suspensus
739 1761 748 1788 ,
768 1705 1118 1786 excommunicatus.

182 1834 200 1866 ι
225 1801 276 1873 ll.
302 1803 456 1876 Animus
475 1801 675 1875 clericandi
697 1831 706 1871 ε
726 1800 829 1874 Trid.
857 1825 943 1874 sess.
969 1799 1015 1873 23
1039 1826 1072 1873 c.
1097 1801 1218 1894 deine

138 1930 160 1968 n
188 1923 261 1997 quo
275 1899 305 1970 si
324 1902 478 2000 primam
494 1900 702 1974 Tonsuram
719 1954 726 1983 ,
744 1900 799 1971 vel
817 1899 974 1972 Ordines
993 1898 1153 1973 minores
1164 1927 1218 1973 ac·

52 1995 57 1999 ’
139 2027 161 2066 n
190 1998 466 2096 cipiet,sidetur
484 2024 656 2099 peccare,
672 1997 801 2071 saltem
818 1998 1220 2099 venialiter(nisi=justa

137 2127 156 2161 n
188 2121 295 2168 seusa
316 2099 514 2192 excuset),
536 2100 619 2196 quia
641 2097 738 2168 fraus
757 2112 811 2169 est
829 2098 941 2182 lesis'3
967 2095 1048 2169 vide
1064 2100 1173 2196 supra
1186 2094 1218 2169 'l.

136 2223 158 2266 n
187 2198 305 2293 ricap.
321 2208 348 2267 '2
366 2195 403 2267 d.
427 2223 438 2267 ι
462 2211 528 2269 art.
549 2198 582 2270 3.
600 2196 775 2269 Similiter
798 2195 946 2268 venialis
971 2195 1220 2269 inconstantia

137 2324 155 2358 »
186 2292 330 2365 videtur
342 2296 525 2394 sinejusta
539 2320 647 2368 causa
660 2309 792 2366 statum
805 2291 1021 2367 Clericalem
1037 2291 1219 2368 deserere.

139 2424 155 2456 n
187 2389 249 2462 ΠΙ.
266 2392 316 2465 Ut
336 2393 382 2464 sit
405 2395 656 2471 confirmatus.
680 2392 783 2466 Trid.
805 2417 892 2465 sess.
916 2392 960 2465 23
976 2395 1010 2469 c.
1032 2394 1055 2487 4
1077 2394 1220 2491 etqui-

139 2520 160 2559 »
190 2490 275 2562 dem
293 2490 496 2564 secundnm
514 2491 649 2565 Bonac.
667 2488 703 2563 d.
719 2492 742 2562 8
756 2518 793 2589 p.
813 2492 888 2586 511.
910 2516 949 2563 ιο
964 2488 1035 2561 sub
1049 2490 1197 2563 mortali
1208 2517 1219 2582 ;

142 2617 164 2657 n
191 2586 397 2659 secundum
414 2590 540 2661 Sotum
553 2606 589 2661 et
599 2590 729 2663 Conin.
749 2587 818 2661 sub
836 2588 976 2661 veniali.
994 2587 1058 2662 1V.
1075 2588 1220 2663 Litterae

145 2713 164 2753 n
189 2684 418 2774 dimissoriae,
430 2688 538 2759 etiam
549 2714 616 2787 pro
657 2688 747 2759 rima
759 2687 936 2773 Tonsura,
949 2687 1124 2783 Episcopi
1138 2711 1240 2784 pro·-

141 2812 162 2850 ι
219 2781 355 2871 rii,sive
368 2784 535 2883 originis,
547 2714 818 2869 sivelieneficii
835 2783 906 2858 sive
921 2782 1109 2857 domicilii.
1125 2784 1222 2859 Vide

143 2911 161 2949 n
191 2809 298 2956 ltian.
318 2907 355 2977 p.
378 2881 436 2955 it.
453 2884 476 2975 4
494 2885 534 2955 R.
558 2885 635 2980 ¹94·
653 2884 698 2955 V.
713 2886 877 2956 Examen
895 2909 1018 2957 coram
1037 2885 1222 2981 Episcopo

142 3012 161 3048 »
194 2980 238 3051 de
255 2981 630 3053 scientianeoessaria
651 2980 694 3052 ad
717 3008 826 3053 usum
849 2986 1028 3080 cujusque
1049 2979 1222 3068 Ordinis,

144 3110 164 3149 u
193 3105 279 3154 nam
293 3078 491 3151 Trid.sess.
512 3080 557 3152 23
573 3105 604 3153 c.
619 3085 640 3172 4
657 3106 722 3176 pro
735 3083 851 3179 prima
862 3081 1029 3152 Tonsura
1045 3081 1223 3177 requirit,

141 3207 165 3248 n
181 3187 236 3247 ‘ut
247 3176 365 3249 sciant
381 3177 465 3251 iidei
482 3177 709 3267 rudimenta,
726 3182 811 3251 item
830 3178 968 3275 legere,
987 3193 1025 3251 et
1036 3178 1195 3253 scribere
1213 3208 1222 3249 ε

143 3304 163 3342 ι
194 3269 240 3346 de
260 3274 394 3372 quibus
408 3276 609 3374 probabilis
628 3281 675 3350 sit
694 3276 1052 3378 conjecturu,quod
1068 3276 1226 3351 Clerica·
1295 3359 1300 3366 „
1363 3305 1374 3324 ·

144 3403 167 3443 n
195 3386 275 3444 turn
291 3374 577 3472 elegerint,·'non
597 3375 772 3456 secularis
793 3375 919 3474 judicii
941 3374 1102 3474 fugiendi
1124 3376 1227 3450 sran-

146 3501 168 3542 n
197 3470 267 3554 de,
292 3473 355 3568 sed
375 3473 510 3545 ut'Deo
526 3474 679 3548 ,fidelem
698 3473 843 3547 cultum
861 3476 1137 3573 praestent.'Pro
1156 3476 1227 3547 mi·

147 3602 168 3641 n
197 3569 351 3641 naribus
367 3627 377 3656 ,
395 3584 436 3641 ut
451 3570 614 3669 linguam
634 3574 787 3646 latinam
804 3573 1021 3670 intelligant.
1041 3575 1111 3647 Pro
1129 3572 1227 3646 sub-

147 3701 167 3744 n
197 3668 411 3752 diaconatu,
428 3683 465 3741 et
482 3670 705 3756 Diaconum,
723 3672 969 3762 cognitionem
985 3697 1126 3755 eorum,
1144 3695 1227 3771 quae

147 3798 171 3838 n
197 3766 244 3840 ad
268 3769 354 3840 istos
378 3766 536 3841 Ordines
559 3784 736 3866 spectant.
764 3771 835 3843 Pro
858 3769 1065 3843 sacerdotio
1090 3786 1228 3841 tantam

150 3897 169 3931 υ
198 3867 416 3951 scientiam,
446 3869 553 3966 utp'o
584 3867 689 3942 ulum
712 3867 845 3941 docere
873 3865 1012 3968 possint
1030 3870 1229 3939 necessaria
1259 3932 1267 3940 .

146 3983 172 4031 'n
201 3962 245 4033 ad
270 3963 424 4037 salutem
441 4021 450 4049 ,
470 3981 508 4038 et
526 3892 774 4038 administrare
793 3968 1024 4040 Sacramenta
1042 3963 1106 4038 Vl.
1122 3966 1230 4037 Titu-

148 4089 170 4130 ,ι
202 4058 260 4134 lus
280 4063 550 4140 conmutationis
563 4122 573 4153 ‚
586 4079 629 4139 ut
647 4062 835 4157 beneficii,
852 4064 909 4142 vel
924 4064 1132 4165 patrimonii
1146 4064 1234 4156 ,vel
