2917 4709
204 158 269 249 sis
432 178 1067 255 un.vt.rncsv1.uettautn01ta.

202 274 368 395 'camdus
384 295 506 381 mata,
523 297 645 371 adbiic
658 298 866 387 venialiter,
879 314 968 399 puta
980 292 1181 371 mentiendi
1195 305 1289 381 eto„

206 419 275 468 nec
303 397 413 468 etiam
438 409 557 493 potest
580 396 693 469 ullam
719 424 845 496 parere
866 395 1142 496 obligationem,
1159 404 1199 466 ut
1214 418 1289 466 no-

208 507 288 565 tant
301 493 413 567 Salm.
433 495 482 566 ib.
502 507 538 567 et
562 513 703 567 certum
724 513 790 569 est.
818 498 887 570 Pro
908 495 1149 569 conclusione
1175 489 1290 588 igitin·

208 588 320 691 hujus
340 591 495 689 puncti,
518 592 609 664 mihi
635 608 672 667 et
694 593 772 667 aliis
794 594 910 669 doctis
934 590 1148 668 Junioribus
1163 588 1287 680 (salvo

208 691 468 790 sapientiorum
486 689 647 789 jndicio)
664 692 807 766 videtur
825 692 1023 767 dicendum
1039 690 1068 762 I.
1084 714 1282 790 sponsum.

208 791 273 887 qui
290 788 473 861 antecellit
490 793 528 861 in
543 789 678 864 divitiis
693 846 703 881 ,
717 792 755 863 in
772 817 855 864 casu
874 793 1059 891 proposito
1077 813 1152 861 non
1168 784 1284 858 teneri

208 886 255 958 ad
282 886 585 973 Matrimoniumt
617 913 763 961 necnon
790 889 978 961 venialiter
998 911 1147 985 peccare
1172 885 1287 956 ratio·

207 1008 255 1055 ne
283 986 570 1084 prodigalitatis,
596 989 625 1057 si
650 986 747 1059 illud
775 987 978 1063 contrabat.
1005 983 1215 1059 Dicendum
1235 980 1286 1058 II.

207 1082 278 1154 hoc
300 1084 496 1182 procedere
511 1139 521 1168 ‚
538 1085 669 1157 stando
695 1086 859 1158 terminis
883 1109 972 1159 verae
990 1080 1281 1182 prodigalitatis:

206 1197 479 1270 verumtamen,
506 1208 592 1254 oum
612 1184 723 1282 culpa
751 1181 1015 1299 prodigalitatis
1032 1207 1106 1254 uon
1130 1179 1177 1250 sit
1202 1177 1286 1275 plus

210 1286 321 1379 qu‘am
341 1279 491 1353 venialis
512 1335 521 1365 ,
574 1284 682 1355 naevis
699 1281 892 1355 mediocris
913 1286 1005 1379 justa
1028 1302 1135 1352 causa
1155 1279 1286 1351 vitium

207 1377 476 1478 prodigalitatis
498 1306 639 1453 auierre
665 1394 796 1480 potest.
821 1381 919 1454 Hinc
944 1380 1029 1452 satis
1052 1374 1286 1454 excusabitur

207 1502 377 1574 sponsus,
396 1477 586 1550 foeminam
604 1478 788 1575 disparem
804 1477 963 1563 ducens.
985 1477 1015 1550 si
1032 1478 1172 1548 noverit
1190 1475 1228 1545 iu
1242 1498 1285 1546 ea

209 1577 372 1674 aliquam
387 1576 583 1674 specialem
603 1579 890 1677 prerogativam,
904 1572 1078 1649 nimirirm
1095 1571 1286 1673 providen-

209 1675 283 1757 tiae,
303 1673 525 1759 devotionis,
544 1701 681 1772 magnae
697 1675 918 1758 honestatis,
937 1673 993 1746 vel
1007 1674 1116 1745 etitm
1130 1669 1286 1766 alicujus

209 1771 304 1846 dotis
325 1772 520 1858 naturalis,
536 1789 686 1872 propter
705 1800 817 1872 qnam
834 1786 936 1873 putet
950 1797 1105 1872 sponsus
1124 1766 1287 1842 camilla

210 1873 369 1970 quietam
386 1895 423 1944 se
439 1870 638 1944 ducturum
654 1874 778 1944 vitam.
793 1874 889 1945 Hinc
906 1868 1074 1953 insertur,
1088 1869 1142 1940 rix
1156 1886 1282 1941 casum

208 1968 374 2043 accidere
388 1995 505 2070 posse,
546 1997 591 2041 uo
604 1996 762 2068 sponsus
771 1995 851 2043 eam
865 1969 1000 2042 ducere
1014 1993 1090 2041 uon
1106 1979 1283 2056 teneatur,

203 2070 297 2166 quia
316 2067 498 2141 rarissimi
518 1998 636 2145 deerit
662 2069 709 2141 ali
740 2095 786 2141 ua
810 2094 853 2141 ex
878 2067 936 2140 his
951 2067 1068 2141 causis
1084 2120 1093 2148 ,
1110 2061 1285 2165 quercul-

208 2192 297 2268 pam
318 2163 580 2262 prodigalitatis
593 2094 791 2239 excustibit.
803 2165 1014 2239 Dicendum
1032 2163 1098 2236 111.
1114 2161 1213 2262 quod
1225 2187 1286 2233 ea-

209 2292 251 2348 su
266 2319 274 2350 ‚
292 2290 366 2361 quo
383 2289 540 2363 sponsus
556 2266 586 2335 vi
603 2264 854 2363 promissionis
872 2263 1044 2361 copulam
1062 2260 1283 2346 extors-ertit

208 2363 371 2461 virgine,
391 2360 447 2434 vel
466 2366 485 2434 b
504 2362 652 2438 loemina
675 2363 850 2453 honesta,
873 2377 962 2436 tunc
983 2358 1135 2434 omnino
1156 2374 1286 2431 tenea·

210 2474 271 2532 tur
290 2486 371 2532 eam
388 2460 523 2535 ducere
538 2491 546 2533 ε
561 2462 645 2560 quia
666 2459 826 2561 proditio
847 2459 1079 2557 virginitatis,
1100 2469 1163 2530 out
1176 2455 1287 2530 bottoe

208 2559 316 2645 ,famae
341 2573 396 2632 est
422 2585 480 2633 res
507 2561 622 2659 pretio
649 2556 944 2642 inaestimabilis,
975 2581 1057 2657 qnae
1088 2553 1284 2654 praevalet,

211 2672 275 2731 aut
292 2656 418 2731 saltim
440 2659 634 2757 aequivalet
651 2660 812 2730 excessui
833 2656 1052 2759 disparitatis
1072 2655 1224 2754 sponsi;
1249 2665 1295 2741 et,

210 2754 295 2830 ideo
315 2752 356 2829 in
379 2782 422 2828 eo
447 2780 536 2829 casu
554 2755 747 2857 promissio
763 2756 855 2830 lacta
875 2771 930 2828 est
953 2753 1091 2844 valida,
1107 2778 1193 2825 oum
1210 2756 1287 2852 jam
1412 2760 1417 2815 !

155 2933 161 2945 ³
212 2854 369 2927 adfuerit
391 2857 578 2953 aequalitas
603 2860 640 2926 in
661 2869 851 2930 contractu
869 2854 947 2927 sine
973 2854 1060 2926 titio
1084 2848 1289 2951 prodigali-

209 2955 306 3027 tatis.
332 2955 381 3025 Et
408 2955 477 3025 hoc
500 2954 714 3054 procederet
737 2956 859 3050 (juxta
877 2949 914 3024 id
931 2950 1032 3052 quod
1052 2950 1103 3022 ait
1119 2950 1222 3046 Lago
1238 2945 1288 3021 da

210 3052 303 3124 Just.
318 3051 361 3123 D.
397 3074 437 3125 12
466 3077 502 3125 n.
522 3053 603 3146 34.)
626 3078 700 3125 non
722 3050 843 3124 soliim
868 3078 953 3125 curn
979 3048 1128 3124 foemina
1151 3046 1288 3119 tamam

212 3151 392 3233 amiserit,
416 3152 479 3224 sed
494 3153 601 3224 etiam
616 3176 701 3223 cum
718 3175 756 3223 se
774 3151 982 3249 exposuerit
1000 3144 1164 3243 periculo
1179 3145 1288 3216 famae

212 3248 437 3321 amittendae.
454 3249 533 3321 Hoc
554 3265 672 3321 tamen
688 3251 817 3331 currit,
833 3249 862 3319 si
879 3245 1069 3345 disparitas
1083 3243 1128 3317 sit
1141 3242 1288 3316 tanttm

211 3344 250 3420 in
264 3344 394 3417 divitiis
403 3370 414 3439 3
429 3373 514 3420 nam
532 3348 562 3419 si
575 3350 621 3419 sit
635 3348 673 3418 in
687 3344 890 3432 nobilitate,
901 3360 1003 3425 tunc,
1017 3342 1158 3415 etiamsi
1171 3344 1286 3415 iuter·

211 3446 361 3518 cesserit
377 3441 566 3516 defloratio
583 3500 591 3527 ‚
616 3471 689 3516 non
712 3457 856 3516 tenetur
873 3444 929 3515 vir
945 3441 991 3514 ad
1011 3437 1287 3513 Matrimonium

211 3569 297 3631 cum
317 3539 495 3614 dedecore
514 3541 678 3627 familiae,
692 3539 767 3614 inid
783 3540 1022 3640 probabiliter
1033 3565 1100 3613 nec
1117 3537 1224 3611 etiim
1239 3534 1289 3611 ad

212 3636 389 3716 damnum
401 3639 543 3715 illatum
559 3697 568 3725 ,
587 3657 628 3713 ιιι
645 3640 802 3712 diximus
818 3639 844 3713 l.
860 3641 882 3713 3
898 3667 935 3715 n.
951 3638 1012 3733 64.

261 3743 318 3812 An
333 3738 371 3811 id
383 3756 526 3829 autem,
570 3738 642 3812 ood
656 3740 734 3812 DD.
751 3738 902 3825 dicunt,
923 3738 1088 3839 utsupra
1105 3732 1288 3820 diximus.

212 3838 368 3928 scilicet,
388 3838 489 3937 quod
514 3764 592 3910 talis
619 3862 775 3937 sponsus
803 3862 877 3910 non
904 3841 1017 3937 possit
1041 3833 1138 3907 illud
1162 3832 1289 3932 dispar

214 3937 486 4012 Matrimonium
512 3939 605 4011 inire
624 3935 809 4034 (intelligo
836 3935 961 4032 dispar
980 3930 1125 4007 tantiam
1149 3931 1289 4005 rationo

213 4034 441 4126 diritiarum,
459 4060 536 4113 non
559 4050 682 4121 autem
705 4033 906 4118 nobilitatis
927 4057 1013 4112 cum
1031 4028 1214 4109 dedecore
1230 4026 1290 4102 ta-
