2917 4709
222 180 288 248 242
329 174 402 249 Lib.
422 176 478 247 Vl.
495 178 603 247 Traot.
614 179 658 248 V.
669 176 1014 266 nemnem-Uret,
1028 193 1058 245 et
1075 176 1211 246 Ordine.

225 317 264 365 n.
293 292 368 364 106.
391 287 511 363 Elbel.
535 315 574 362 u.
595 290 654 364 51.
673 287 751 360 Pal.
776 304 870 386 part.
887 290 916 385 '8
938 314 974 360 u.
1001 315 1032 363 r.
1060 312 1145 361 cum
1166 284 1303 363 Palu&

225 387 313 462 cor.
332 404 367 461 et
383 390 493 461 Dom.
522 390 607 462 Solo
623 443 631 473 ,
647 382 782 461 Escob.
804 395 842 460 n‘.
860 388 919 460 56.
945 412 1032 460 cum
1050 389 1128 487 Caj.
1147 389 1300 489 sylvest.

224 488 323 561 Vict.
341 491 441 560 Arm.
463 502 497 558 et
515 483 625 560 Gabr.
647 512 688 558 ac
709 484 822 556 Salm.
842 511 921 584 cap.
938 486 1012 577 411.
1033 513 1086 560 ro.
1101 512 1186 559 cum
1202 487 1301 560 Gon.

225 586 291 668 Sa,
311 585 448 659 Valet
469 582 584 657 Henr.
609 586 698 656 item
722 583 869 673 Estius,
893 582 1054 681 Sylvius,
1076 598 1113 658 et
1128 584 1300 677 Sambon.

226 683 326 784 apud
343 682 481 756 Hubert
496 682 522 754 l.
538 708 569 755 c.
585 707 628 755 ex
647 682 692 755 D.
713 681 784 755 Th.
803 685 841 754 in
859 683 882 775 l
897 681 981 755 dist.
1002 682 1047 755 23
1059 708 1125 853 gu.
1153 711 1163 755 r
1192 699 1258 755 art.
1282 709 1296 755 r

226 811 289 882 qu.
319 783 354 879 3
365 781 413 853 ad
441 808 453 853 r
483 778 547 853 ubi
569 780 618 853 ait
635 787 867 853 Sacramenta
889 784 962 852 tam
977 780 1057 853 Con
1086 782 1302 870 rmatiouis,

224 886 335 1052 guam
353 866 763 967 ExtremaessUnctiouim
780 904 852 949 non
870 903 951 950 esse
961 879 1006 949 de
1019 880 1223 951 necessitate
1239 906 1303 951 so-

260 980 317 1050 tis.
342 976 443 1049 Retio
466 1033 475 1063 ‚
505 977 688 1076 quietalis
711 976 883 1073 obligatio
906 1002 981 1048 uon
1003 976 1164 1050 habetur
1179 1002 1301 1076 neque

193 1136 194 1140 ,
226 1101 270 1151 ex
283 1077 317 1148 ri
335 1075 572 1151 institutionis
591 1074 703 1173 hujus
719 1074 965 1163 sacramenti,
984 1099 1069 1147 cum
1090 1079 1224 1149 nonsit
1240 1102 1303 1147 ue-

204 1200 208 1209 ’
227 1175 423 1248 cessarium
447 1168 683 1261 adsalutem,
699 1174 763 1245 sed
780 1172 921 1244 tautirm
936 1172 1044 1263 utile,
1060 1189 1095 1246 et
1110 1175 1158 1247 ad
1171 1175 1304 1247 melius

228 1298 331 1367 esse;
354 1296 474 1369 neque
496 1296 539 1344 ex
565 1285 745 1371 praecepto
775 1271 923 1359 divino,
949 1298 1035 1343 cum
1057 1272 1305 1347 communiter

227 1369 406 1468 Theologi
426 1368 535 1442 verba
556 1369 723 1467 Apostoli
749 1396 823 1443 uon
844 1373 936 1441 inter
965 1383 1128 1451 retentor
1143 1370 1189 1443 de
1204 1396 1305 1471 prae·

228 1483 356 1569 cepto,
373 1466 437 1543 sed
451 1466 497 1539 de
511 1467 677 1555 consilio.
689 1467 799 1543 Unde
814 1527 821 1549 .
837 1494 921 1540 cum
937 1396 1011 1539 iou
1028 1470 1307 1544 Sacramentum

228 1570 276 1641 sit
300 1566 439 1641 tantiam
462 1565 508 1637 ad
530 1570 707 1664 majorem
736 1566 929 1639 utilitatem
957 1568 1163 1640 institutum
1186 1623 1197 1653 ‚
1219 1594 1306 1641 *nou

227 1663 373 1739 videtur
399 1664 554 1755 charitas
580 1669 662 1763 ergit
691 1666 851 1762 scipsum
882 1660 928 1735 ad
944 1663 1039 1736 illud
1053 1664 1215 1765 obligare
1233 1666 1304 1738 sub

229 1765 350 1863 grari3
370 1761 525 1835 charitas
547 1765 648 1837 enim
667 1748 743 1835 nou
762 1762 898 1860 obligat
915 1760 984 1833 sub
1007 1765 1105 1857 gravi
1122 1781 1305 1865 praecepto

231 1860 278 1934 ad
293 1861 343 1950 id,
360 1860 459 1960 qnod
473 1858 602 1933 melius
620 1877 685 1936 est.
704 1860 784 1934 Hoc
803 1877 923 1933 tamen
941 1861 1209 1953 nonobstante,
1225 1866 1306 1963 pri-

230 1986 289 2033 ma
314 1961 492 2035 sententia
516 1961 624 2031 etlam
642 1958 867 2058 probabilis,
894 1972 930 2028 et
946 1959 1096 2033 omnino
1118 1961 1308 2039 suadenda

229 2059 323 2137 mihi
347 2072 519 2155 apparet,
535 2084 610 2128 nou
628 2071 701 2128 tam
718 2061 859 2130 ratione
877 2060 1072 2155 praecepti¹
1093 2061 1179 2157 quia
1199 2059 1244 2135 de
1263 2087 1309 2135 eo

230 2155 361 2230 saltim
393 2181 469 2226 uon
500 2169 670 2245 constat,
728 2162 813 2228 uem
835 2158 974 2229 ratione
1001 2155 1185 2232 charitatis
1224 2164 1311 2257 erga

119 2302 156 2319 ,.
230 2257 279 2329 sei
310 2278 498 2337 summam
512 2251 598 2324 licet
614 2181 856 2326 morilrnmlus
867 2253 980 2353 possit
989 2252 1069 2327 aliis
1081 2255 1257 2355 praesidiis
1268 2284 1310 2331 se

230 2281 423 2435 mliorem
441 2364 561 2421 tamen
572 2353 610 2423 in
621 2351 687 2423 tali
701 2366 794 2425 statu
813 2353 1049 2442 constitutus,
1063 2379 1106 2425 ex
1119 2381 1191 2427 una
1208 2372 1311 2454 parte

231 2475 318 2524 cnm
329 2474 457 2545 magua
467 2447 678 2547 difficultate
690 2449 737 2523 ad
745 2449 860 2523 bonos
870 2465 972 2543 actus
984 2473 1022 2521 se
1032 2450 1128 2526 valet
1141 2458 1309 2548 excitare,

233 2575 321 2627 curn
335 2546 381 2621 ob
400 2550 824 2647 mentisloppressionem
837 2549 930 2622 vires
945 2551 1105 2659 propriae
1120 2566 1211 2626 tuuc
1224 2572 1313 2629 sunt

233 2644 458 2736 debiliores;
484 2660 520 2719 et
543 2672 584 2717 ox
617 2646 730 2727 ultera
755 2647 1042 2721 vehementiores
1067 2668 1155 2723 sunt
1171 2656 1236 2746 (ut
1262 2656 1315 2729 ait

233 2744 519 2839 Tridentiuum)
542 2745 728 2818 Daemonis
754 2745 896 2819 insidiae
913 2771 922 2837 ;
940 2745 1038 2818 unde
1054 2749 1192 2844 ingenti
1210 2753 1312 2849 peri-

234 2844 321 2919 culo
338 2866 376 2917 se
396 2868 576 2939 exponere
598 2842 741 2917 ridetur
759 2839 1018 2937 tentationibus
1042 2847 1313 2923 succumbendi

237 2945 303 3044 qui
321 2941 471 3039 negligit
485 2965 523 3013 se
538 2944 680 3014 munire
695 2943 767 3017 lroc
783 2945 1048 3018 Sacramentoa
1068 2945 1214 3021 Christo
1234 2950 1313 3022 Do·

235 3044 338 3119 mino
352 3041 537 3126 instituto,
551 3047 739 3141 tamqnam
751 3042 960 3117 firmissimo
976 3043 1144 3142 praesidio
1158 3046 1195 3119 iu
1211 3060 1312 3120 tanto

236 3138 426 3241 conflictu.
511 3200 515 3227 ς
546 3220 550 3227 ,
634 3226 639 3233 ι

287 3234 423 3311 Omnes
440 3236 563 3309 tartieu
580 3237 823 3322 conveniunt,
842 3239 942 3339 quotl
953 3264 1023 3338 per
1041 3240 1210 3314 accidens
1225 3266 1315 3341 pos-

237 3351 293 3410 set
310 3333 477 3406 infirmus
499 3359 650 3434 peccare
666 3338 890 3426 mortaliter,
908 3339 1111 3412 omittendo
1129 3344 1315 3439 suscipere

239 3434 310 3507 hoc
336 3432 612 3505 Sacramentum
628 3487 640 3518 ,,
671 3432 812 3507 scilicet
838 3436 976 3535 primo,
1000 3441 1030 3509 si
1047 3439 1230 3510 omitteret
1246 3440 1315 3513 ha·

237 3531 332 3629 beus
361 3530 622 3629 ‚conscientiam
650 3535 790 3627 peccati
816 3534 1003 3624 mortalis,
1029 3551 1065 3609 et
1090 3562 1163 3607 uon
1219 3552 1318 3613 osset

115 3630 134 3647 ⁹
239 3627 355 3704 aliudr
367 3629 641 3702 Sacramentum
659 3632 845 3729 recipere3
865 3636 913 3705 ita
931 3563 1318 3713 communireriataus

238 3729 323 3830 ,μθ
340 3754 379 3798 n.
398 3727 433 3803 3.
452 3724 609 3797 etSalm.
628 3752 708 3826 cap.
725 3732 749 3823 4
767 3756 805 3803 u.
825 3730 879 3804 13.
897 3758 980 3805 cum
997 3735 1145 3821 suarez,
1159 3736 1314 3826 Aversa,

244 3844 282 3902 et
298 3825 378 3919 aliis
395 3824 551 3924 passim
569 3822 633 3897 sed
648 3824 743 3901 benc
761 3834 866 3927 ajunt
878 3832 980 3905 Suar.
999 3829 1195 3922 espanes,
1214 3832 1315 3908 hunc
1397 3830 1409 3919 f

245 3924 452 4001 casnmnix
480 3922 645 3999 accidere
670 3951 787 4024 posse.
818 3926 1010 4011 Secundo,
1029 3929 1058 4017 si
1083 3930 1315 4023 omittendo,

243 4020 456 4101 scandalum
485 4021 606 4108 darer,
662 4037 723 4096 uta
742 4025 774 4097 si
795 4028 933 4119 ratione
959 4027 1319 4115 circumstantiarum

229 4116 506 4231 ‘inducerentur
521 4120 614 4197 aliia
650 4122 1317 4230 suspicandumquodipserithere-

316 4270 403 4315 o.
