2917 4709
161 302 164 308 Ι
252 213 317 286 268
358 207 674 290 LiberffractN.
691 210 1091 299 monendomum
1106 211 1244 278 Ordine.

255 348 278 401 n
299 356 336 400 n.
358 329 414 402 32.
434 327 505 400 ltoc
525 325 675 424 quidem
694 323 897 421 tenendum
915 326 951 395 iu
968 322 1208 396 Ordinatione
1225 282 1331 396 pred

190 466 193 473 »
254 420 395 525 byteri,
415 441 451 499 et
469 425 664 524 Episcopi,
686 447 760 495 non
781 428 902 495 autem
925 423 1077 495 aliorum
1094 420 1331 495 Ordinando·

259 548 365 606 rom:
385 526 469 624 quin
484 526 606 609 ineis,
622 523 652 596 si
669 521 770 593 adest
789 519 1023 617 probabilitas
1033 547 1108 622 'pro
1119 520 1241 592 valore
1257 520 1334 591 Or·

255 623 352 695 'dinis
363 624 533 721 suscepti,
549 648 623 694 non
640 621 847 720 requiritur,
860 635 900 692 ut
913 618 1126 718 suppleatur
1143 620 1332 704 defectus,
1350 635 1356 650 '

257 745 343 794 eum
360 724 398 793 in
414 721 622 794 Sacerdotis
640 728 762 816 postet
782 717 1016 815 suscipiendo
1037 721 1156 790 omnis
1177 717 1335 790 illorum

258 834 414 919 potestus
433 820 640 916 recipiatur.
657 816 727 889 Sed
742 844 815 890 noo
831 816 1100 891 admittendum
1115 816 1244 890 saltem
1265 839 1336 911 pro

257 919 398 991 Ordine
411 917 649 1007 Diaconetirs3
667 942 748 986 nam
764 917 801 988 in
818 944 898 1014 cap.
917 917 1124 1004 Presbyter,
1141 915 1185 985 de
1201 912 1338 987 Sucro·
1368 964 1372 971 ·

257 1033 364 1087 ment.
394 1043 464 1088 non
487 1017 632 1093 iterand.
658 1014 812 1114 loquens
835 1014 1000 1088 Pontifex
1020 1001 1065 1087 dc
1088 1014 1332 1087 Ordinatione
1357 1000 1369 1015 ’

254 1114 530 1197 ¹Diaconorum,
553 1114 640 1186 dicit
668 1112 791 1210 quod,
817 1114 846 1185 si
868 1110 1051 1211 impositio
1075 1137 1252 1183 manuum
1278 1120 1336 1182 est

259 1215 410 1294 omissa,
432 1211 583 1285 omnini>
600 1215 643 1284 sit
662 1212 858 1310 repetenda
870 1237 879 1303 ;
893 1214 965 1284 etsi
979 1210 1170 1313 probabile
1191 1210 1256 1307 sit,
1273 1233 1335 1279 so·

259 1308 335 1385 lam
359 1310 590 1384 traditionem
610 1309 708 1383 [iibri
723 1337 801 1383 esse
821 1310 866 1381 de
885 1314 1050 1385 essentia.
1388 1303 1393 1312 ’

198 1438 252 1509 ¹159
307 1409 365 1483 An
391 1424 510 1482 nutem
534 1409 755 1508 bujusmodi
789 1408 981 1495 defectus,
1007 1414 1081 1482 tim
1105 1403 1341 1490 essentiales,

260 1513 369 1607 qudo]
390 1507 655 1593 accidentales,
678 1506 835 1580 debeant
857 1508 1022 1606 suppleri
1041 1514 1201 1606 tempore
1218 1504 1339 1599 desig·

258 1621 345 1678 nato
363 1608 406 1677 ad
426 1608 664 1680 collationem
688 1608 884 1680 Ordinem.
907 1608 1020 1679 satin.
1038 1631 1069 1697 c,
1092 1611 1168 1699 dn.
1186 1628 1234 1703 79
1251 1626 1338 1675 cum

221 1770 222 1775 ,
259 1704 376 1778 Grau.
393 1702 617 1793 etodicnnt,
637 1731 697 1778 eos
714 1730 819 1800 posse
829 1706 991 1805 suppleri
1004 1698 1341 1803 quocumqueanni

260 1816 437 1903 ternpore.
454 1803 695 1877 Commuuiirs
713 1804 799 1877 verb
817 1804 998 1876 affirmant
1015 1804 1123 1875 Croix
1140 1828 1176 1874 n.
1198 1825 1289 1873 2200
1305 1809 1342 1868 et

260 1902 394 1973 Sanclr.
419 1903 442 1972 l.
462 1926 493 1974 c.
513 1931 548 1975 n.
592 1927 704 1977 .cum
718 1903 847 1976 Irrrroc.
866 1904 1035 1975 Panorm.
1056 1917 1091 1973 et
1104 1905 1206 1973 Arm.
1224 1898 1339 1971 excit.

260 2024 293 2071 o.
315 1999 525 2103 Presbyter,
544 1928 624 2089 nii,
645 2027 729 2075 cum
747 2003 810 2072 fiat
829 2026 948 2072 sermo
964 1998 1008 2071 de
1022 2000 1253 2097 impositione
1265 2018 1344 2067 ma·

259 2094 332 2168 ntis
354 2102 390 2169 in
406 2101 644 2171 Ordinatione
664 2098 894 2197 Presbyteri,
913 2100 969 2171 vel
989 2101 1158 2183 Diacooi,
1177 2102 1228 2170 sic
1248 2093 1343 2167 dici-

260 2209 324 2267 tur
343 2223 353 2264 ε
373 2196 524 2296 Quodsi
540 2198 707 2268 omissum
721 2198 847 2281 suerit,
866 2223 937 2268 non
964 2210 1016 2269 est
1037 2198 1256 2295 aliquetenus
1280 2192 1345 2264 ite-

260 2293 428 2383 randum,
443 2296 511 2365 scd
519 2309 647 2365 statmo
658 2309 811 2390 tempore
824 2296 875 2365 ud
884 2293 1088 2391 husbsmodr'
1094 2295 1243 2366 Ordines
1257 2314 1344 2363 corr-

249 2388 431 2484 ferendos
457 2396 555 2463 carrtd
582 2392 832 2487 supplendum,
862 2394 956 2490 qood
972 2419 1037 2484 per
1061 2417 1209 2463 errorem
1231 2387 1350 2461 extitit

258 2490 540 2587 pretermissum.
560 2488 648 2563 Mihi
663 2504 785 2562 autem
798 2489 943 2563 videtur
958 2493 1009 2563 sic
1022 2487 1346 2589 distinguendum:

266 2588 301 2658 Si
326 2587 490 2660 desectus
514 2589 559 2660 sit
581 2590 675 2660 circd
697 2586 857 2660 valorem
882 2589 1128 2674 sacramenti,
1151 2604 1239 2660 tunc
1261 2610 1351 2683 sup·

264 2685 426 2784 piandus
444 2702 499 2759 est
513 2703 674 2785 tempore
692 2686 737 2758 ab
757 2687 916 2758 Ecclesia
930 2702 1085 2770 statuto,
1103 2703 1143 2759 ut
1158 2699 1281 2760 censet
1289 2706 1349 2754 se-

247 2783 388 2859 cunda
412 2785 586 2858 sententia
604 2839 612 2867 ,
633 2801 670 2857 et
695 2785 766 2858 lroe
785 2785 927 2858 videtur
943 2811 1017 2858 non
1037 2812 1141 2883 posse
1160 2783 1283 2882 negari
1305 2805 1350 2857 ex

267 2896 368 2963 textu
393 2909 477 2955 mox
496 2882 618 2955 allato.
647 2883 756 2957 sectis
775 2883 860 2955 verb
882 2884 1105 2967 dicendum,
1130 2886 1158 2955 si
1177 2895 1269 2954 esset
1283 2878 1349 2952 de·

217 3026 222 3035 ·
267 2979 385 3059 fectus
402 2983 647 3055 accidentalis.
669 2981 911 3054 probabiliter
923 2982 1010 3055 verb
1028 2983 1118 3055 dicit
1129 2979 1256 3056 Tamb.
1276 2977 1301 3050 l.
1319 2998 1357 3077 7.

267 3104 298 3150 c.
314 3080 369 3176 55
388 3107 406 3151 2
424 3108 470 3169 n„
489 3083 528 3153 13
545 3107 631 3153 cum
655 3082 767 3153 Gran.
787 3097 820 3153 ot
835 3081 1061 3173 Quintanad.
1080 3098 1116 3153 et
1128 3083 1236 3153 Croix
1255 3076 1293 3148 d.
1311 3102 1357 3163 n..

268 3200 361 3249 2200
379 3202 463 3250 cum
478 3182 626 3263 Aversa,
644 3194 681 3252 et
699 3179 792 3252 Gob.
809 3195 845 3251 et
859 3178 935 3250 aliis·
951 3181 1143 3252 universim
1155 3194 1198 3252 ut
1213 3176 1357 3261 asserit,

270 3275 390 3371 quod,
407 3279 436 3347 si
447 3275 494 3347 ob
511 3279 629 3348 solnm
640 3278 803 3349 ‘dubium
816 3278 967 3349 iteretur
979 3278 1080 3350 Ordo
1091 3277 1160 3350 sub
1175 3274 1355 3348 conditio·

267 3380 336 3461 ne',
354 3373 405 3445 vel
424 3379 636 3447 caeremonia
655 3377 797 3474 aliqua.
829 3379 959 3468 poterit
977 3377 1098 3449 iteruri
1122 3376 1250 3476 quovis
1269 3373 1356 3459 die,

270 3485 307 3543 ct
325 3476 341 3541 d
361 3476 488 3570 quovis
505 3474 690 3571 Episcopo
707 3501 714 3558 ;
740 3473 943 3572 eodemque
968 3474 1027 3547 die
1048 3482 1221 3575 poterunt
1244 3467 1355 3542 simirl

272 3569 429 3642 conferri
443 3571 602 3644 Ordines
619 3581 690 3643 tim
706 3578 876 3669 majores,
888 3578 996 3667 quam
1013 3576 1192 3658 minores,
1207 3567 1355 3642 adbibi-

245 3705 246 3710 *
271 3668 318 3838 pis
334 3670 420 3742 solis
438 3670 727 3777 solemnitatibus
748 3670 987 3769 probabiliter
1003 3673 1214 3745 necessariis
1233 3667 1279 3741 ad
1296 3692 1355 3739 ra·

290 3792 402 3839 orem.
1330 3782 1334 3789 '

217 3885 267 3963 ¹⁶⁰
322 3896 342 3935 n
371 3867 475 3967 Resp.
493 3869 524 3959 ri.
538 3865 742 3964 Episcopus
759 3893 832 3939 oon
850 3883 967 3967 potest
983 3835 1175 3952 ordinare,
1186 3867 1255 3938 nisi
1270 3861 1358 3936 sub·
1374 3942 1379 3949 p

273 3991 294 4035 u
323 3965 441 4055 ditos,
462 3965 520 4039 vel
541 3966 678 4061 ratione
698 3968 846 4067 originis
864 3970 918 4062 (si
942 3969 1082 4040 scilicet
1099 3968 1139 4040 in
1161 3970 1239 4064 ejus
1260 3964 1360 4037 dioe-

273 4092 292 4131 s
323 4066 396 4138 cesi
427 4066 501 4141 siut
532 4068 663 4166 nati),
693 4068 915 4145 retentione
940 4066 1141 4159 domicilii,
1173 4063 1359 4174 voluntate
