2917 4709
161 206 238 309 Cant
254 216 297 284 ll.
314 216 401 284 nub.
411 216 470 287 lll.
494 215 544 284 De
560 211 709 286 Ministro
725 216 820 310 liujus
834 217 1042 286 sacramenti.
1110 235 1152 301 aa

88 325 290 402 concludit:
307 328 506 401 Hortamur
527 326 563 398 ia
582 328 737 401 Domino
760 328 1013 414 Patriarchas‚
1036 327 1150 426 Epis-

86 451 201 519 copos,
212 426 398 500 Parachas
411 440 499 514 „etc
507 440 552 506 ¹ut
562 423 599 496 ia
636 433 788 500 ostentm
800 427 969 501 Ecclestie
981 429 1151 500 Romana

64 599 70 614 ,
85 523 405 600 constituto‘llt'toali
416 526 454 598 t‘n
469 454 827 619 sacnsssacttoaibus
839 542 999 610 utantur,
1018 523 1099 597 etta
1113 550 1151 596 re

85 605 166 693 iant
177 622 368 711 momenti,
387 646 458 722 aaa
482 619 665 696 Cathollca
678 624 841 697 Ecclesia
863 682 874 715 ‚
893 640 927 696 et
944 623 988 695 ab
1004 651 1151 791 sabam·-

84 718 174 804 batcs
187 746 272 796 usus
292 719 535 821 antiquitatis(
552 720 667 818 nota)
686 722 829 809 statuit,
853 723 1051 808 taaiolateo
1073 746 1151 792 ser-

87 833 165 889 reat.
182 817 283 917 Ergo
297 818 383 907 hoe,
398 816 499 919 quod
513 818 765 919 praescribitur
782 821 819 893 in
840 819 972 900 Ritnali
988 819 1032 893 de
1050 818 1154 893 abso·

85 914 215 990 lotione
244 915 487 1004 moribundi,
515 919 601 990 satis
627 917 789 992 declarat
817 918 986 992 Pontifex
1004 917 1151 1016 probato

85 1039 141 1085 ssa
154 1015 369 1115 aauaoitatts
385 1031 562 1090 statutum
578 1017 700 1090 foisse.
724 1017 878 1091 Accedit
900 1018 1152 1091 Catechismns

84 1108 177 1198 Boin.
194 1112 239 1187 de
249 1114 353 1188 Poen.
370 1115 450 1211 §55
463 1114 530 1187 ubi
544 1115 611 1203 ait,
625 1115 835 1192 Concilium
852 1116 984 1206 docere
1001 1141 1155 1213 ‚quem-

87 1208 166 1294 lihet
181 1212 417 1287 Sacerdotem
432 1239 539 1313 posse
559 1212 747 1289 absolvere
764 1214 809 1287 ab
828 1217 929 1288 omni
947 1229 1097 1311 peccato
1116 1230 1154 1287 et

85 1334 244 1395 censura,
259 1311 297 1383 si
304 1314 425 1398 mom's
462 1313 623 1388 erlculsas
640 1314 821 1402 carminat,
838 1330 873 1385 et
884 1313 1019 1411 propru‘
1029 1312 1153 1386 Sacer·-

84 1406 190 1503 dotis(
207 1424 297 1483 nota
310 1419 325 1502 )
339 1339 491 1492 drausio
506 1436 577 1483 reon
594 1412 706 1482 datar.
901 1476 905 1494 2

122 1505 164 1579 ld
185 1505 321 1581 clariirs
345 1522 384 1581 et
401 1507 529 1582 fornes
548 1508 784 1606 probatores
803 1535 866 1593 eo,
883 1509 985 1608 quod
1004 1511 1153 1609 praelata
1232 1560 1236 1568 ·

85 1602 180 1677 rerba
200 1607 412 1682 Tridentini
429 1661 437 1693 ,
458 1607 574 1703 Atace
593 1605 671 1678 ider)
688 1633 812 1679 omnes
828 1609 1034 1682 Sacerdotes
1049 1633 1153 1706 quos-

84 1701 156 1775 libet
159 1703 401 1802 penitentesd
411 1704 585 1803 quibusvis
594 1706 752 1806 pereatis
766 1722 800 1777 et
810 1706 966 1792 censuris
977 1704 1154 1778 absolvere

80 1806 296 1898 possunt(nt
313 1802 410 1876 recte
431 1803 561 1875 dicunt
578 1803 739 1902 Fagnnn.
754 1804 792 1876 in
810 1831 841 1877 c.
860 1803 947 1875 Noa
965 1820 1020 1876 est
1035 1801 1153 1895 robes,

86 1898 124 1971 de
139 1899 303 1997 Sponsal.
328 1917 397 1975 etc.
421 1927 459 1974 n.
479 1905 515 1993 4.
540 1901 724 1978 Petrocor.
753 1917 780 1973 t.
806 1905 827 1995 [r
853 1929 891 1999 p.
918 1903 984 1976 158
1004 1928 1040 2000 q.
1063 1905 1097 1975 8.
1119 1917 1156 1978 et

86 2001 178 2074 loct.
195 2025 259 2097 ap.
271 2002 381 2073 Croix
396 1998 435 2072 in
446 2001 567 2099 princ·
586 1999 632 2074 de
647 1998 857 2092 Oilieconf.
874 2000 899 2072 l.
915 2028 925 2073 r
941 2025 976 2072 c.
991 2029 1002 2073 1
1019 2001 1057 2073 in
1069 2003 1153 2093 line,

85 2120 113 2167 r.
126 2097 213 2169 Dico
230 2124 267 2171 2.
286 2099 324 2192 )‚
346 2123 422 2170 non
439 2103 512 2195 jorn
524 2098 737 2172 ,reserantur
756 2099 801 2172 ad
818 2123 1070 2198 quoscumque
1087 2099 1157 2172 Sa-,

86 2195 238 2270 cerdotes
253 2196 343 2280 ,sed
360 2196 408 2269 sd
420 2221 482 2270 eos
498 2195 663 2282 tantiam,
678 2196 726 2270 de
745 2196 881 2296 quihus
898 2197 1154 2273 antecedenter

85 2289 237 2391 loquitur
256 2293 487 2382 Concilium,
504 2296 637 2392 nempe
654 2295 699 2369 cle
717 2297 792 2370 illis
807 2352 817 2382 ,
833 2300 897 2396 qui
917 2297 1153 2384 ordinariam,

86 2407 141 2479 snt
153 2393 411 2490 subdelegatam
426 2391 557 2466 habeat
566 2393 850 2486 yaa'sdictioaem.
870 2398 920 2469 Et
938 2393 1009 2468 hoc
1027 2394 1155 2469 decla-

86 2495 167 2564 rarit
184 2492 219 2564 S.
238 2493 281 2568 C.
304 2489 494 2565 Generalis
510 2490 668 2565 Concilii
684 2492 785 2591 opud
803 2494 966 2590 Fagnan.
982 2492 1009 2565 l.
1030 2521 1062 2566 c.
1076 2521 1112 2567 n.
1133 2521 1154 2574 2

86 2587 141 2662 rbi
155 2590 270 2664 dixit:
291 2592 405 2688 Caput
417 2616 452 2687 7.
470 2589 620 2663 lit'deat.
637 2591 682 2661 a'e
699 2617 844 2663 casuum
856 2593 1089 2664 reservatione
1103 2617 1157 2663 re·

81 2683 252 2780 ferendam
269 2688 321 2761 ad
332 2712 395 2762 eos
413 2687 642 2778 Sacerdotes,
658 2689 721 2786 qui
731 2688 862 2761 habeat
878 2688 1086 2762 ordriran'am
1105 2693 1159 2762 oet
1253 2761 1257 2766 .

85 2786 270 2884 delegatam
290 2801 514 2885 potestatem.
542 2783 641 2885 Ergo
665 2786 817 2859 omnino
844 2786 1042 2862 dicendum
1068 2803 1154 2878 est,

84 2880 281 2980 §ancilium
297 2886 336 2958 in
352 2885 425 2959 hoc
447 2901 583 2983 puncto
599 2910 674 2957 non
694 2886 904 2962 condidisse
926 2890 982 2982 jos
1005 2912 1156 2977 norom,
1257 2915 1260 2930 ¹

87 2984 142 3054 sed
158 2983 299 3057 tantum
315 2982 503 3082 antiquam
518 2981 694 3056 Ecclesiae
711 2984 1014 3058 consuetudinem
1035 2985 1157 3059 decla·

85 3086 194 3169 risset
211 3082 347 3183 nempe
389 3080 461 3156 nod
478 3082 572 3153 nollet
591 3082 637 3172 sit
651 3083 839 3154 reservatio
857 3083 893 3154 ia
911 3083 1052 3155 artt'culo
1068 3111 1156 3157 mor-

84 3178 139 3264 tis,
156 3196 321 3281 respecta
343 3108 391 3253 ad
411 3179 506 3254 solos
525 3179 758 3270 Sacerdotes,
775 3181 840 3280 qui
859 3180 1080 3255 ordinariam
1095 3185 1154 3259 vel

72 3275 278 3377 ‚delegatam
320 3295 506 3353 otestatem
521 3275 734 3358 absolvendi
749 3279 897 3354 habent.
911 3280 1020 3372 Quod
1033 3297 1155 3358 autem

83 3378 258 3478 simplices
280 3307 506 3464 iicerdotes
524 3381 686 3478 exceptis
700 3381 1023 3453 excommunicatis
1039 3381 1156 3454 ritan-

86 3473 156 3563 dis,
174 3476 356 3564 haereticis
374 3529 382 3565 ,
399 3491 436 3549 et
451 3476 716 3564 schismaticis}
737 3479 812 3576 (ut
827 3477 984 3551 diximus
1000 3505 1038 3551 n.
1057 3480 1122 3555 561
1142 3481 1156 3574 )

84 3577 219 3671 possim
242 3574 382 3666 valide,
407 3589 445 3648 et
466 3574 567 3650 licite
588 3573 775 3651 absolvere
798 3577 836 3648 in
857 3577 1009 3650 articulo
1029 3583 1156 3654 mortis

86 3665 130 3742 ob
144 3673 314 3749 omnibus
333 3674 515 3775 peccatis,
534 3677 774 3764 escensuris,
794 3674 834 3747 id
846 3702 922 3748 non
941 3675 1096 3750 habetur
1115 3704 1157 3751 ex

87 3769 298 3850 ¹Tridentino
315 3829 325 3859 ,
342 3771 406 3845 sed
424 3771 596 3862 aliunde,
614 3774 746 3873 nempe
762 3800 805 3848 ex
821 3802 854 3849 c.
873 3775 1090 3875 Presbyter,
1112 3773 1157 3850 26

86 3891 118 3964 q·
132 3871 155 3945 6
174 3872 261 3962 item
275 3899 318 3947 ex
337 3870 470 3946 Ritusli
491 3873 596 3945 Rom.
613 3885 650 3945 et
665 3898 707 3946 ex
722 3872 975 3960 Declarationc
990 3874 1156 3969 ejusdcm

66 3964 359 4048 ·S.C.1Concilii
386 3968 487 4067 apud
510 3971 672 4070 Fagnan.
699 3970 771 4047 loc.
796 3976 857 4048 cit.
883 3999 987 4046 num.
1007 3972 1032 4046 6
1054 3988 1091 4045 et
1114 4000 1157 4047 ex

86 4068 263 4152 communi
276 4068 451 4158 Ecclesiae
473 4068 754 4143 consuetudine.
845 4127 848 4132 .

92 4225 99 4232 -
130 4166 370 4254 Probabiliter
397 4182 522 4284 tamen
547 4167 735 4272 simplices
762 4166 978 4252 Sacerdotes.
1003 4184 1213 4271 possuntsse
