2917 4709
380 228 462 319 Cep.
475 228 503 297 I.
519 228 609 297 Dubt
624 226 652 295 1.
669 228 720 295 De
733 223 939 320 sponsalibus
1132 175 1196 297 {fis

172 371 193 414 a
219 340 363 416 Dicitur
383 367 413 414 r.
430 341 645 428 Promissis,
667 340 751 438 quia
768 340 998 439 propositum
1010 362 1086 411 non
1099 337 1198 410 suffi-

120 468 143 524 a
171 440 243 529 cit,
264 465 350 512 curn
374 464 450 511 non
475 438 627 512 inducat
643 437 912 534 obligationem.
927 436 1037 512 Unde
1058 441 1119 534 qui
1139 435 1199 507 di·

122 569 140 608 s
170 552 267 612 ceret
283 567 292 611 ε
309 536 403 611 Volo
419 553 452 609 te
465 536 812 635 accipere,babere,
829 551 891 609 aut
908 535 1042 608 ducere
1057 537 1094 606 in
1114 560 1200 606 uxo·

120 667 139 700 a
171 662 267 728 rem,
289 662 363 709 non
387 635 618 727 eorrtraheret
639 634 841 732 sponsalia,
864 647 901 706 ut
923 636 1056 707 Bonae.
1080 659 1146 746 qu.
1179 659 1193 707 1

118 762 142 804 u
173 761 207 833 p.
232 761 243 806 ι
266 735 387 819 docet,
403 760 445 807 ex
460 732 552 819 aliis,
571 734 655 830 quia
675 733 756 804 haec
774 731 879 805 rerba
897 758 970 804 non
990 730 1199 832 promissio·

118 861 141 911 r)
167 857 271 922 nem,
291 836 356 906 sed
381 836 606 929 propositum
630 831 878 929 promissionis
899 829 1037 902 tantiam
1055 830 1199 927 signiti-

120 960 139 998 ο
171 945 274 1015 cant,
294 932 364 1022 nisi
383 945 503 1004 tamen
517 955 559 1003 ex
575 931 856 1014 circumstantiis
871 926 970 1000 alind
989 930 1197 1021 colligatur.
1243 967 1249 979 ·

170 1058 191 1096 a
218 1027 360 1102 Dicitur
377 1054 411 1100 a.
435 1028 654 1115 Voluntaria,
673 1041 708 1100 et
726 1025 932 1108 deliberata,
950 1025 1089 1100 seilicet
1105 1023 1198 1098 deli·

116 1154 142 1198 a
170 1122 357 1200 ber-atione
379 1126 581 1200 sufficiente
610 1125 656 1197 ad
684 1139 876 1223 peccatum
904 1126 1084 1210 mortale,
1111 1151 1198 1199 cum

120 1254 143 1298 u
170 1227 353 1323 sponsalia
377 1223 446 1297 sub
465 1223 607 1302 mortali
630 1222 801 1321 obligent.
824 1224 938 1295 Diana
959 1250 995 1321 p.
1017 1224 1038 1297 3
1056 1239 1081 1295 t.
1102 1225 1136 1315 cl.
1156 1225 1197 1296 R.

119 1353 138 1391 s
171 1350 195 1394 s
219 1322 240 1393 3
258 1349 299 1395 ex
314 1323 445 1398 sacch.
460 1324 567 1402 Pont.
587 1338 653 1395 etc.
674 1325 738 1394 etsi
755 1320 890 1394 Bonac'.
907 1346 970 1419 qu.
998 1349 1007 1391 ι
1027 1348 1063 1419 p.
1080 1326 1103 1415 4
1118 1348 1154 1394 n.
1174 1325 1198 1413 4

119 1450 141 1498 a
173 1349 255 1519 pius
265 1422 436 1518 requirat.
449 1421 559 1495 Undis
572 1419 786 1519 regulariter
799 1445 870 1493 oon
882 1418 1097 1506 suntralida
1113 1422 1198 1493 ante

119 1550 141 1592 r·
169 1521 399 1618 septennium
418 1518 644 1616 completum
657 1577 669 1608 ,
686 1534 727 1590 ut
743 1517 878 1590 docent
897 1520 991 1606 Coo,
1006 1516 1041 1589 d.
1061 1545 1101 1591 αι
1125 1534 1195 1591 art,

117 1646 137 1684 a
168 1615 202 1689 5.
222 1616 355 1692 Sarich.
375 1617 402 1689 Ι.
429 1645 438 1689 t
465 1617 500 1689 d.
525 1618 566 1691 16
586 1618 654 1689 nisi
671 1615 825 1698 malitia,
843 1633 879 1688 et
897 1614 1090 1713 prudentia
1108 1643 1197 1715 sup-

102 1745 137 1785 a
170 1714 294 1811 pleaut
307 1713 464 1796 aetatem·¹
479 1716 593 1788 Diana
609 1720 672 1809 til
689 1741 725 1813 p.
743 1717 775 1788 5.
793 1715 833 1785 R.
852 1718 919 1812 274
935 1714 1105 1798 Pontius,
1123 1730 1195 1790 eto.
1281 1777 1285 1788 ,

117 1835 141 1886 s
170 1813 291 1911 (qnod
308 1813 595 1912 tamenquidam
614 1828 744 1911 negant
763 1811 947 1897 sufficere,
962 1838 1046 1890 cum
1066 1819 1122 1909 jus
1138 1814 1197 1887 de-

103 1942 136 1978 ..ι
165 1911 368 1984 terminbrit
384 1913 541 2003 aetatem)
557 1910 633 1984 irnb
650 1937 717 1985 nec
734 1925 817 2009 post
831 1905 1082 2009 septennium,
1100 1913 1196 1986 side

117 2031 139 2080 n
167 2033 236 2082 usu
255 2010 402 2084 rationis
419 2010 612 2084 sufficienti
629 2037 703 2083 non
719 2024 876 2096 constet,
893 2011 943 2080 uti
960 2036 1078 2106 neque
1092 2014 1120 2083 si
1135 2015 1166 2086 vi
1184 2069 1193 2099 ,
1243 2101 1245 2104 Ι

107 2135 138 2184 ‚a
168 2106 274 2195 dolo„
296 2133 436 2204 eruore,
454 2107 509 2180 vel
528 2112 729 2203 ignorantia
749 2107 843 2184 circa
857 2105 1116 2195 substantiam,
1132 2126 1196 2183 aut
1246 2122 1250 2128 “

108 2233 139 2284 ,s
167 2205 364 2279 notabilem
393 2206 641 2281 conditionem
667 2204 965 2290 substantialem,
994 2207 1111 2295 fiant,
1133 2234 1195 2282 se·
1263 2216 1279 2246 ‘³

110 2333 137 2380 -s
166 2304 329 2378 cundum
348 2307 444 2384 dicta
464 2305 510 2378 de
528 2306 625 2378 Volo
640 2321 675 2378 et
693 2304 964 2377 Contractibus.
976 2336 993 2368 a

104 2465 129 2479 ..
165 2405 284 2493 Quaer.
301 2461 309 2487 ,
327 2431 373 2477 an
391 2420 559 2479 teneatur
577 2404 854 2480 Matrimonium
870 2401 1109 2490 contrahere,
1129 2408 1250 2503 quito·

116 2500 201 2574 ficte
216 2504 378 2598 promisit
394 2503 577 2601 sponsalia
594 2501 698 2586 alteri
711 2501 791 2575 rere
809 2503 1073 2599 repromittenti
1085 2503 1100 2574 i
1112 2504 1194 2577 Fic'-
1244 2565 1254 2573 ,.

116 2599 169 2670 tio
198 2598 274 2674 baec
294 2599 535 2674 diversimodo
587 2614 678 2672 otest
704 2603 926 2694 contingere.
956 2627 984 2672 r.
1011 2602 1047 2674 Si
1067 2603 1097 2673 is
1117 2630 1194 2677 non

74 2695 81 2711 ’
116 2692 424 2770 babuitanimum
435 2627 688 2772 contrabendi.
705 2723 740 2768 s.
756 2698 878 2769 Sinon
889 2696 1191 2790 babuitauimum
1294 2771 1298 2780 ,

102 2818 161 2872 ,se
173 2792 421 2891 obligandi.,3.
436 2798 470 2867 si
485 2822 561 2875 non
577 2795 878 2868 lrabnitanimum
894 2794 1133 2894 adimplendi.
1148 2803 1192 2873 In

104 2894 237 2993 ,primo
263 2920 347 2977 caso
373 2892 470 2967 certe
494 2917 568 2965 non
590 2908 734 2966 tenetur
753 2910 847 2964 stare
868 2896 1080 2990 promissis,
1105 2923 1191 2970 cum
1242 2923 1249 2950 ··
1359 2947 1365 2962 ,

107 2990 266 3064 omnini>
293 2991 451 3064 deluerit
477 2991 713 3089 promittendi
740 2992 919 3064 voluntas.
946 2990 1001 3063 Ita
1023 2992 1113 3066 Viva
1143 2995 1190 3069 de

113 3088 1189 3187 Meton.rart.rn.retSalm.eod.tit.c.rn.a5etde

101 3186 265 3260 fiuntc.
280 3214 292 3261 r
307 3213 344 3261 n.
359 3213 380 3287 7
397 3215 484 3262 cum
498 3188 633 3261 Sancta
648 3191 751 3287 Lago
763 3244 772 3273 ‚
785 3186 880 3285 Sylv.
899 3204 967 3284 etc.
983 3196 1188 3265 eommuni-

98 3294 182 3358 :ter.
199 3286 332 3370 Contra
347 3285 433 3360 verb
451 3287 490 3358 io
504 3286 610 3360 tertio
627 3313 710 3359 casu
726 3301 868 3359 certum
880 3299 945 3364 est,
961 3313 1046 3358 eom
1059 3292 1186 3382 teneri,

15 3385 24 3404 '
98 3382 200 3481 .qnia
219 3387 292 3480 jam
310 3386 486 3460 contraxit
500 3384 769 3482 obligationem.
785 3383 878 3455 Vide
891 3384 1000 3458 Salui.
1019 3385 1065 3458 de
1079 3388 1186 3464 Matr.

97 3477 140 3554 .l.
161 3507 195 3553 c.
214 3508 250 3553 n.
266 3481 310 3554 25
327 3483 459 3554 etViva
476 3511 512 3564 n.
531 3485 602 3557 5et
615 3510 650 3581 7,
667 3483 731 3556 ubi
745 3480 1054 3570 beneadvertuut,
1071 3489 1186 3584 quod,

112 3580 143 3652 si
156 3579 249 3678 ¹quis
264 3580 372 3656 sciret
393 3581 479 3661 oriri
501 3580 754 3679 obligationem
773 3608 820 3672 ¹en
846 3582 1103 3677 promissione,
1120 3587 1186 3659 sed

98 3676 160 3751 ed
170 3703 253 3750 enm
265 3703 338 3749 non
355 3677 570 3762 adverteret,
588 3678 827 3753 nihilominus
841 3693 1025 3752 teneretur
1040 3681 1085 3753 ad
1100 3710 1186 3780 pro·

110 3775 290 3854 missum„
310 3778 394 3876 quia
421 3780 496 3877 jem
521 3775 650 3851 babuit
675 3779 867 3853 virtualem
896 3778 1120 3864 voluntatem
1146 3807 1184 3855 se

87 3871 312 3972 obligandi.

157 3972 314 4063 Quaestio
333 3972 472 4047 tantiam
485 3988 540 4048 est
555 3972 599 4047 de
614 3974 776 4054 secundo
790 3999 874 4048 csso
889 4029 900 4064 ‚
917 3973 1064 4072 quando
1077 3975 1105 4046 is
1123 4003 1180 4050 ro·
1190 4004 1239 4058 ⁸33
1320 4060 1325 4068 .

100 4062 182 4152 aluit
196 4072 428 4169 promittere,
452 4073 518 4184 sed
531 4072 654 4150 noluit
665 4100 710 4159 ,se
723 4073 911 4174 obligare,
926 4088 963 4147 et
980 4075 1181 4174 respoude-
1237 4135 1259 4164 ,
