2917 4709
216 202 295 294 Cap.-
319 201 362 270 ss.
379 201 468 271 nst.
487 202 531 271 V.
544 202 595 270 De
608 200 757 271 Ministro
767 200 1082 292 hujusscrsmenri:
1123 192 1186 273 1⁴25
1240 268 1243 283 ,

102 338 138 378 rs
156 312 257 386 Mott.
276 316 381 414 Lugo
398 328 466 388 etc.
492 312 563 386 Sed
579 313 677 388 recte
693 312 827 387 limitat
841 314 963 387 Avens.
983 312 1056 385 loc.
1072 313 1133 386 cit.
1153 314 1185 385 si
1238 316 1250 337 ²

104 437 129 479 n
158 438 233 485 non
261 412 384 484 adsint
409 412 472 485 alii
495 412 712 486 Coniessarii
738 410 920 510 delegati,
936 411 1183 489 -esPsroctus

103 537 126 572 ι
158 535 234 581 non
256 509 416 607 legitime
437 510 667 610 impediatur.
853 574 857 580 .

160 639 182 675 n
210 609 316 706 Resp.
342 612 375 701 4.
401 607 544 706 Reliqui
569 608 808 694 Sacerdotes,
838 633 904 708 per
917 622 955 680 s'e
969 604 1188 706 loquendo,

103 732 130 771 ι)
159 729 236 778 non
259 722 431 785 tenentur
454 706 581 779 audire
599 708 863 796 confessiones,
881 705 910 776 si
928 721 1048 785 tomen
1063 729 1187 802 coepe·

101 830 127 868 2
161 804 254 890 rint,
282 820 454 878 tenentur
481 805 689 896 absolvere,
716 805 785 877 nisi
804 803 895 905 qnid
913 803 1049 893 obstet,
1066 827 1188 903 neque

102 927 129 974 rs
227 918 311 975 sunt
325 904 510 976 remittere
526 903 575 976 ad
589 902 701 976 alium
718 931 727 973 r
747 902 833 1000 quia
854 902 1035 1001 poenittrp
1051 927 1093 975 eo
1106 903 1187 1002 ipso

7 1082 13 1099 ι
103 1027 129 1065 ³·
158 929 272 1073 liber
291 1006 349 1098 jus
369 1001 414 1073 ad
433 1000 722 1088 absolutionem,
745 1026 814 1075 nec
841 1014 961 1096 potest
988 1000 1132 1087 fructu,
1150 1012 1189 1075 et

107 1126 139 1167 ι).
187 1102 276 1173 rstit
291 1100 513 1175 Sacramenti
525 1100 671 1201 privari.
692 1102 815 1177 Avera.
835 1099 860 1172 l.
879 1125 910 1175 c.
930 1130 949 1167 a
1011 1164 1015 1171 .

114 1266 118 1271 .
159 1126 321 1294 {agatur
335 1199 363 1270 Ι.
384 1201 442 1272 An
458 1198 801 1273 Consescariusnon
818 1197 1005 1270 Parochus
1020 1210 1245 1297 tenentum

108 1318 200 1368 cum
221 1294 384 1393 periculo
396 1298 477 1369 vitae
491 1296 679 1371 absolvere
695 1295 958 1369 moribundum
973 1300 1186 1370 existentem

106 1392 151 1467 in
166 1397 311 1466 mortali
322 1394 468 1466 resima
482 1398 657 1468 sententia
675 1411 794 1493 negat,
810 1419 895 1467 eum
909 1393 1032 1484 teneri,
1045 1408 1081 1466 et
1092 1394 1187 1466 hano

115 1490 323 1565 defendunt
337 1491 425 1565 Nsv.
442 1492 538 1566 Man.
552 1520 632 1592 cap.
651 1495 696 1587 24
711 1519 749 1567 ιι.
768 1520 803 1591 9.
817 1491 996 1566 Coninch.
1013 1493 1057 1565 25
1075 1520 1112 1564 ιι.
1127 1494 1188 1590 89.

108 1590 203 1664 item
226 1592 337 1675 soro,
359 1589 512 1665 Malder.
542 1607 579 1665 et
603 1591 675 1676 Sa,
703 1590 803 1690 apud
826 1593 927 1686 Lugo
944 1590 1051 1665 <tes
1072 1617 1108 1661 n.
1130 1615 1185 1662 ra.

108 1690 179 1789 qui
201 1687 430 1787 probabilem
460 1704 575 1788 putat.
607 1691 742 1773 Ratio,
773 1688 974 1787 quintium
1001 1690 1190 1786 proximus

109 1801 234 1886 potest
251 1785 460 1861 absoluti-b
483 1786 647 1886 periculo
667 1786 912 1865 damnationis
939 1812 976 1861 se
1007 1785 1188 1873 liberare,

110 1884 295 1959 eliciendo
313 1899 434 1957 sctum
453 1886 704 1970 contritionis,
725 1911 800 1961 non
816 1900 875 1957 cst
889 1887 927 1958 i'n
942 1899 1042 1958 tanta
1059 1908 1189 1957 neces-

110 1984 243 2062 sitate,
263 1998 304 2057 ut
327 1982 418 2056 alter
445 1998 616 2082 tenentur
638 1984 670 2056 ei
691 2008 903 2059 succurrere
919 2007 1006 2055 curn
1023 1980 1189 2083 periculo

108 2084 206 2155 vitre.
222 2083 370 2155 limitat
387 2080 471 2157 verb
489 2082 656 2156 Goninch
673 2080 695 2154 l.
713 2106 746 2155 c.
765 2081 794 2153 si
813 2080 893 2155 talia
908 2082 1076 2154 infirmus
1090 2081 1137 2152 sit
1150 2081 1190 2155 in

108 2198 278 2254 extrema·
298 2184 529 2265 necessitato,
550 2179 682 2280 nempe
702 2181 734 2265 si
749 2179 909 2276 ignoret,
933 2181 1190 2258 contritionem

111 2305 194 2352 esse
220 2277 289 2351 sibi
305 2280 564 2367 necessariam,
582 2282 638 2351 vel
662 2279 800 2353 nesciat
815 2304 895 2350 earn
909 2277 1042 2352 elicere
1061 2305 1069 2347 ε
1090 2275 1192 2376 quod

110 2380 238 2452 reveri
258 2402 387 2450 censeo
412 2379 449 2449 in
463 2376 623 2453 rudibus
645 2371 696 2449 ut'
710 2376 916 2476 plurimism
931 2375 1110 2448 accidere.
1126 2372 1191 2445 Sc·
1284 2433 1294 2453 .

110 2475 230 2549 cunda
252 2489 374 2551 tamen
402 2476 602 2561 sententia,
619 2499 703 2574 quse
723 2474 816 2547 mihi
835 2477 947 2573 magis
968 2473 1123 2555 arridet,
1138 2471 1191 2544 ai·
1212 2520 1216 2529 .

114 2576 237 2647 firmat
252 2629 260 2657 ,
275 2599 430 2672 eamque
448 2573 574 2646 tenent
589 2575 694 2645 Suar.
715 2572 752 2646 d.
769 2597 794 2669 9
808 2587 896 2647 sect.
909 2600 935 2646 n
952 2598 989 2644 n.
1002 2573 1085 2644 3..et
1096 2570 1131 2644 d.
1144 2573 1190 2645 32

113 2686 206 2745 sect.
233 2694 253 2769 7
277 2697 317 2743 n.
340 2698 352 2743 1
378 2670 517 2744 Tonrn.
537 2699 573 2770 p.
592 2673 662 2744 282
681 2670 882 2747 etNalent,
897 2696 939 2743 ac
955 2673 1070 2745 Lorca
1091 2667 1193 2767 apud

109 2773 217 2869 lango
233 2795 273 2842 n.
295 2795 347 2841 ια.
367 2764 492 2854 Ratio,
507 2770 611 2868 quia,
626 2783 703 2841 esto
719 2772 757 2841 in
772 2770 888 2867 rigore
907 2768 1094 2867 loquendo
1109 2794 1191 2866 pos·

112 2883 173 2949 set
190 2866 432 2942 moribundus
455 2893 520 2966 per
536 2869 799 2941 ,consutionem
823 2867 890 2940 sibi
912 2865 1122 2965 providere,
1141 2882 1193 2939 ta·

112 2993 202 3042 men
231 2992 305 3039 non
326 2980 445 3067 potest
463 2967 607 3061 negari,
626 2963 725 3064 quod
743 2992 877 3063 magno
897 2965 1063 3064 periculo
1078 2990 1193 3062 expo·

114 3082 229 3139 natur
244 3063 309 3141 ille
332 3090 408 3139 snae
429 3082 573 3138 aeternae
590 3062 741 3154 salutis,
761 3064 791 3136 si
808 3062 944 3161 ubsque
962 3062 1193 3137 absolutione

112 3164 371 3262 relinquatur3
388 3179 423 3237 et
436 3163 544 3248 siniit,
558 3190 644 3237 cum
658 3177 756 3236 certa
772 3177 825 3234 est
838 3160 1020 3234 damnatio
1037 3161 1193 3260 proximi

113 3264 238 3338 sinon
257 3260 484 3347 absolvatur,
506 3260 789 3335 teneriscertam
804 3276 959 3334 mortem
982 3259 1124 3348 subire3
1145 3263 1193 3333 nt

114 3362 204 3436 dico
222 3418 232 3447 ,
251 3386 336 3435 cuns
349 3364 538 3458 proximus
551 3360 654 3434 estin
668 3358 850 3458 probabili
867 3357 1030 3458 periculo
1045 3358 1194 3431 darum

101 3461 410 3550 ·tinnis,·teneris
438 3461 469 3532 ei
498 3457 690 3532 subvenire
711 3483 797 3533 curn
825 3457 1007 3553 probabili
1024 3455 1188 3555 periculo

111 3550 244 3632 mortis
262 3613 272 3645 ,
293 3583 336 3630 ex
358 3556 437 3655 lege
456 3557 663 3640 charitatis,
683 3580 763 3652 quae
781 3555 917 3652 obligat
936 3558 974 3628 in
999 3558 1076 3656 pari
1103 3555 1195 3653 peri·

112 3657 204 3731 culo
217 3680 397 3754 exponere
415 3659 521 3728 vitam
540 3653 779 3753 temporalem
795 3655 842 3727 ed
863 3654 1072 3727 salvandam
1086 3654 1194 3728 vitans

111 3757 273 3856 proximi
292 3755 530 3854 spiritualem.
550 3755 586 3828 Si
602 3768 722 3827 tamen
739 3753 913 3827 Sacerdos
928 3755 1087 3840 nesciat,
1109 3776 1196 3826 enm

111 3880 193 3926 esse
213 3855 251 3926 in
277 3853 447 3943 mortali⁴‚
467 3879 541 3925 non
568 3849 910 3925 teneturabsolrere
928 3877 1012 3924 curn
1029 3849 1195 3949 periculo

113 3955 224 4037 vite,
242 3965 283 4025 ut
301 3950 431 4026 dicunt
452 3952 568 4029 Tolet.
596 3948 831 4026 othrrioel.
857 3950 957 4049 apud
973 3949 1111 4023 Toum.
1129 3944 1195 4048 qui

105 4050 195 4129 non
211 4049 395 4152 reprobat.
429 4122 432 4129 ,
1175 4076 1178 4081 ·
