2917 4709
357 188 439 281 Cop.
449 188 477 257 1:
486 187 575 257 Dub.
592 187 634 255 ll.
649 188 698 256 De
714 185 931 281 sponsalibus.
1123 181 1187 263 idi

106 300 242 391 milior,
254 314 297 375 nt
312 304 382 401 jum
399 303 671 397 distinximus),
689 305 718 374 si
739 300 977 401 probabiliter
994 296 1190 369 timeantur
1210 303 1215 311 '

112 400 269 486 damna,
283 417 345 475 aut
358 400 442 473 odia
456 403 749 500 propinquorum
762 425 771 491 ;
785 403 962 474 rationem
978 396 1189 479 afferentes,

113 499 200 597 quia
221 525 264 573 eo
280 526 365 575 casn
409 500 539 573 rariter
557 515 723 597 peccaret
743 526 897 612 sponsus
917 509 1045 569 coutru
1070 493 1190 567 churi-

112 609 249 683 tatem,
270 614 306 670 et
327 526 432 687 idei,
452 622 537 672 cum
562 600 836 679 Matrimonium
858 595 955 669 illud
976 590 1201 667 contrahere-

114 708 204 769 tune
225 712 318 769 esset
336 724 394 770 res
417 695 570 786 illicite,
596 722 670 767 non
691 698 806 794 possit
823 694 1013 795 promissio
1032 694 1122 763 fucta
1142 688 1191 762 ed

114 793 219 867 illam
236 794 409 892 obligare.
427 796 475 866 Et
494 795 541 867 ob
561 794 727 867 eamdem
748 796 923 865 rationem
944 792 1034 863 dicit
1051 787 1189 862 Seucb.

113 889 141 963 l.
154 913 190 965 οι
205 919 243 963 n.
256 896 278 968 3
291 920 379 967 cum
393 895 482 968 Nar.
495 893 606 967 Cord.
617 893 707 991 Lopt
723 909 757 963 et
771 894 871 964 Gutt.
885 891 955 964 hoc
968 886 1190 973 dicendum,

115 992 256 1064 etiimsi
279 1018 411 1092 sponsu
430 990 703 1064 deflorationem
721 1014 822 1090 passa
843 988 965 1062 suerit.
983 992 1032 1061 Et
1051 989 1192 1057 etilmsi

114 1087 131 1185 (
143 1088 442 1163 utudditSanch.
457 1091 510 1161 ib.
529 1116 614 1162 cum
626 1086 862 1185 Lop.)nullu
879 1089 926 1169 sit
939 1089 1035 1160 iuter
1048 1102 1194 1159 eontra·

114 1184 243 1261 hentes
263 1189 461 1286 disparitas.
474 1190 603 1260 Fateor
627 1187 797 1285 quidem,
814 1185 910 1257 bane
927 1210 1004 1258 esse
1027 1208 1193 1259 eommu-

115 1310 203 1358 nem
220 1287 457 1370 sententiam
481 1299 518 1358 et
537 1310 602 1384 per
620 1311 657 1356 se
675 1283 862 1384 loquendo
880 1308 1019 1368 veram,
1040 1276 1194 1381 quaudo

116 1383 217 1455 iilius
233 1383 428 1458 commode
439 1382 650 1480 hujusmodi
666 1383 836 1457 scandala
851 1385 959 1455 vitare
975 1399 1115 1480 possen
1128 1379 1195 1452 sed

116 1485 147 1553 si
165 1507 241 1554 non
258 1496 380 1581 posset
396 1485 474 1554 sine
494 1485 591 1580 gravi
611 1508 677 1553 suo
696 1481 955 1567 incommodo,
979 1479 1106 1552 rationi
1125 1476 1195 1549 ad-

116 1577 237 1652 duotoe
249 1580 393 1653 videtur
404 1580 557 1668 obstare,
578 1580 678 1679 quod
694 1580 850 1651 ebaritas
861 1606 937 1652 non
955 1576 1093 1675 obliget
1106 1603 1193 1649 cum

117 1681 212 1773 gravi
235 1678 495 1769 incommodo;
521 1679 606 1750 binc
633 1677 758 1775 puella
784 1677 831 1748 ad
850 1677 996 1749 vitanda
1019 1674 1194 1749 scandala

116 1780 279 1849 virorum
296 1803 370 1849 non
389 1791 535 1848 tenetur
554 1774 732 1875 perpetui>
754 1774 854 1847 domi
872 1800 1043 1860 manere,
1063 1800 1110 1846 ne
1128 1772 1195 1845 diit

117 1900 182 1947 sua
203 1874 369 1947 libertate
390 1877 572 1972 privetur3
601 1878 686 1973 quia
704 1900 809 1969 grave
825 1870 1194 1946 incommodantes

116 1974 188 2069 ipsi
205 1987 317 2059 esset,
341 1989 381 2045 nt
402 1973 543 2045 dictum
560 1989 614 2045 est
628 1972 656 2045 l.
677 1999 697 2045 π
716 1998 754 2047 ιι.
772 1972 819 2046 53
838 1997 924 2044 oum
939 1971 1041 2067 Cujet
1056 1968 1192 2044 Suoeb.

116 2070 196 2143 Pul.
211 2073 309 2144 Less.
326 2072 414 2144 Nar.
436 2075 541 2144 Azor.
556 2069 665 2143 Salm.
681 2072 785 2170 Spor,
801 2084 837 2143 et
856 2069 945 2142 aliis.
961 2072 999 2144 si
1015 2069 1101 2169 ergit
1116 2094 1197 2142 mu-

118 2168 208 2254 lier,
223 2196 270 2242 ne
287 2196 350 2242 sua
364 2169 529 2243 libertate
544 2168 607 2241 dib
622 2170 807 2268 privetur,
835 2194 912 2241 non
926 2185 1071 2241 tenetur
1090 2166 1200 2264 longo

118 2280 285 2365 tempore
315 2267 497 2341 abstinere
521 2268 566 2339 ab
588 2266 829 2364 egrediendo,
851 2268 990 2339 etilmsi
1013 2266 1075 2339 alii
1092 2291 1197 2340 sean-

119 2363 247 2438 dulum
276 2367 350 2438 sint
377 2366 548 2462 pussuri;
574 2363 761 2463 quomodo
787 2366 884 2437 filius
915 2365 1098 2440 tenebitur
1125 2364 1195 2437 sub

119 2464 284 2547 moi-tali,
298 2491 343 2535 ne
358 2470 525 2563 parentes
536 2461 753 2536 scandulum
770 2463 1052 2561 patianturinisi
1072 2478 1197 2535 temen

121 2587 208 2635 cum
233 2561 412 2637 dedecore
437 2578 477 2634 ut
504 2564 794 2661 supponimus),
813 2566 834 2633 d
852 2563 1082 2635 Matrimonio
1105 2561 1199 2635 desi-

121 2656 249 2731 derato
265 2658 470 2748 abstinere)
492 2661 648 2734 Fortene
666 2686 822 2759 sponsus
840 2687 913 2733 non
931 2660 1076 2733 videtur
1091 2685 1201 2758 greve

120 2756 400 2830 incommodum
416 2756 656 2844 subiturus,si
673 2760 838 2832 omittere
855 2777 1003 2854 cogetur
1018 2761 1200 2832 Matrimo·

122 2855 227 2927 nium
242 2880 332 2928 cum
352 2854 488 2953 puelle,
506 2882 591 2928 oum
613 2883 684 2958 qua
699 2855 817 2929 eredit
831 2861 992 2954 quietam
1006 2856 1202 2930 seductu-

120 2979 207 3026 rum
231 2955 362 3039 vitum,
387 2953 435 3029 ob
456 2954 708 3027 vehementem
728 2957 862 3027 umoris
884 2956 1108 3054 passionem,
1129 2957 1202 3053 qui

121 3076 169 3127 se,
183 3053 292 3123 sentit
309 3050 479 3125 affectum
497 3058 580 3149 ergit
599 3054 733 3125 illam?
756 3078 859 3149 grune
883 3053 1034 3168 quidem
1059 3055 1203 3126 incom-

122 3148 276 3222 modum
296 3152 503 3224 existimant
520 3151 590 3225 boc
608 3177 734 3223 ornnes
750 3154 828 3232 DD,
848 3150 927 3234 illi,
947 3177 1036 3248 quos
1055 3151 1093 3224 in
1113 3178 1204 3251 prae·

124 3245 270 3321 cedenti
286 3250 481 3347 questione
493 3249 699 3331 retulimus,
713 3251 776 3348 qui
787 3248 1051 3322 idebexcusant
1063 3261 1080 3321 ἐι
1093 3250 1204 3348 culpa
1245 3312 1250 3317 .

126 3348 224 3441 gravi
240 3346 335 3419 filios
356 3349 628 3421 Matrimonium
648 3352 817 3420 ineuntes
830 3350 950 3420 invitis
971 3351 1204 3449 parentibus;

128 3442 240 3538 quia,
260 3456 302 3514 ut
319 3442 447 3517 dieunt
464 3447 597 3519 Sunclr.
615 3446 650 3518 d.
666 3445 694 3518 l.
710 3449 745 3538 4.
759 3448 802 3519 D.
819 3447 863 3518 23
882 3473 920 3519 ιι.
942 3474 997 3519 ιο.
1015 3447 1206 3521 Escob.de

127 3542 234 3616 Matr.
256 3539 350 3613 Dub.
378 3542 442 3641 175
457 3568 480 3614 n
511 3547 581 3643 723
595 3558 631 3617 et
647 3545 760 3617 Sulm.
779 3571 811 3616 e.
830 3545 854 3617 6
870 3569 906 3618 n.
929 3545 985 3626 23,
1001 3570 1066 3643 per
1081 3546 1207 3617 Matri·
1267 3566 1271 3613 :

125 3639 291 3712 monium
313 3642 469 3738 quisque
489 3656 673 3741 perpetuae
691 3642 875 3738 obligatur
888 3646 1075 3731 servituti,
1095 3643 1208 3718 moxi·

124 3738 186 3810 ma
199 3762 325 3811 secum
340 3736 508 3811 efferenti
522 3764 629 3811 onero
645 3796 654 3826 ‚
676 3766 758 3838 quae
773 3741 842 3812 nisi
861 3766 902 3811 ex
922 3740 1074 3813 omninb
1089 3769 1209 3838 spon-

126 3850 232 3925 tuneu
253 3837 438 3910 voluntate
456 3834 717 3936 suscipientur,
736 3837 952 3911 difficillime
966 3839 1117 3938 perferri
1141 3865 1210 3935 po·

125 3945 264 4009 terunt.
288 3935 324 4011 si
342 3934 451 4033 igitirr
471 3934 518 4008 ob
538 3936 610 4008 boc
635 3940 812 4009 motivum
835 3949 1053 4010 excusantur
1075 3937 1141 4011 filii
1165 3937 1211 4010 ab

130 4028 304 4133 obsequio
322 4031 537 4147 perentibus
553 4033 696 4124 debito,
712 4061 781 4111 cur
797 4061 873 4110 non
896 4033 944 4116 ob
962 4034 1131 4115 eumdem
1152 4062 1211 4109 ra-
