<?xml version="1.0" encoding="UTF-8"?>
<!DOCTYPE html PUBLIC "-//W3C//DTD XHTML 1.0 Transitional//EN"
    "http://www.w3.org/TR/xhtml1/DTD/xhtml1-transitional.dtd">
<html xmlns="http://www.w3.org/1999/xhtml" xml:lang="en" lang="en">
 <head>
  <title>
</title>
<meta http-equiv="Content-Type" content="text/html;charset=utf-8" />
  <meta name='ocr-system' content='tesseract 3.04.00' />
  <meta name='ocr-capabilities' content='ocr_page ocr_carea ocr_par ocr_line ocrx_word'/>
</head>
<body>
  <div class='ocr_page' id='page_1' title='image "./theologiamorali05ligugoog_0118.png"; bbox 0 0 2917 4709; ppageno 0'>
   <div class='ocr_carea' id='block_1_1' title="bbox 270 268 1238 347">
    <p class='ocr_par' dir='ltr' id='par_1_1' title="bbox 270 268 1238 347">
     <span class='ocr_line' id='line_1_1' title="bbox 270 268 1238 347; baseline -0.003 -4"><span class='ocrx_word' id='word_1_1' title='bbox 270 273 333 343; x_wconf 77' lang='lat' dir='ltr'><strong>tod</strong></span> <span class='ocrx_word' id='word_1_2' title='bbox 374 272 447 343; x_wconf 76' lang='lat' dir='ltr'><strong>tib.</strong></span> <span class='ocrx_word' id='word_1_3' title='bbox 463 271 523 342; x_wconf 84' lang='lat' dir='ltr'><strong>VI.</strong></span> <span class='ocrx_word' id='word_1_4' title='bbox 540 273 650 341; x_wconf 68' lang='lat' dir='ltr'><strong>‘l’raet⁴</strong></span> <span class='ocrx_word' id='word_1_5' title='bbox 664 268 727 341; x_wconf 80' lang='grc' dir='ltr'><strong>Ν.</strong></span> <span class='ocrx_word' id='word_1_6' title='bbox 743 274 793 342; x_wconf 81' lang='lat' dir='ltr'><strong>De</strong></span> <span class='ocrx_word' id='word_1_7' title='bbox 807 271 1238 347; x_wconf 66' lang='lat' dir='ltr'><strong>§annuento&#39;l’oenitentim</strong></span> 
     </span>
    </p>
   </div>
   <div class='ocr_carea' id='block_1_2' title="bbox 146 382 1451 4232">
    <p class='ocr_par' dir='ltr' id='par_1_2' title="bbox 264 382 1341 486">
     <span class='ocr_line' id='line_1_2' title="bbox 264 382 1341 486; baseline 0.004 -32"><span class='ocrx_word' id='word_1_8' title='bbox 264 382 489 457; x_wconf 81' lang='lat' dir='ltr'><strong>voluntatem</strong></span> <span class='ocrx_word' id='word_1_9' title='bbox 510 383 740 458; x_wconf 87' lang='lat' dir='ltr'><strong>obfirmatam</strong></span> <span class='ocrx_word' id='word_1_10' title='bbox 758 389 795 459; x_wconf 90' lang='lat' dir='ltr'><strong>in</strong></span> <span class='ocrx_word' id='word_1_11' title='bbox 813 398 953 475; x_wconf 76' lang='lat' dir='ltr'><strong>errore,</strong></span> <span class='ocrx_word' id='word_1_12' title='bbox 975 387 1278 486; x_wconf 72' lang='lat' dir='ltr'><strong>undemmquinn</strong></span> <span class='ocrx_word' id='word_1_13' title='bbox 1290 382 1341 458; x_wconf 71' lang='lat' dir='ltr'><strong>ii·</strong></span> 
     </span>
    </p>

    <p class='ocr_par' dir='ltr' id='par_1_3' title="bbox 264 479 1338 585">
     <span class='ocr_line' id='line_1_3' title="bbox 264 479 1338 585; baseline 0.002 -32"><span class='ocrx_word' id='word_1_14' title='bbox 264 479 463 573; x_wconf 86' lang='lat' dir='ltr'><strong>dispositus</strong></span> <span class='ocrx_word' id='word_1_15' title='bbox 480 487 610 584; x_wconf 88' lang='lat' dir='ltr'><strong>nequit</strong></span> <span class='ocrx_word' id='word_1_16' title='bbox 623 482 771 558; x_wconf 83' lang='lat' dir='ltr'><strong>absolvi.</strong></span> <span class='ocrx_word' id='word_1_17' title='bbox 791 486 862 559; x_wconf 81' lang='lat' dir='ltr'><strong>sed</strong></span> <span class='ocrx_word' id='word_1_18' title='bbox 877 484 1136 585; x_wconf 78' lang='lat' dir='ltr'><strong>respondetur,</strong></span> <span class='ocrx_word' id='word_1_19' title='bbox 1148 484 1338 582; x_wconf 70' lang='lat' dir='ltr'><strong>&#39;etquen-</strong></span> 
     </span>
    </p>

    <p class='ocr_par' dir='ltr' id='par_1_4' title="bbox 264 572 1428 880">
     <span class='ocr_line' id='line_1_4' title="bbox 264 572 1340 682; baseline 0.003 -32"><span class='ocrx_word' id='word_1_20' title='bbox 264 592 350 662; x_wconf 78' lang='lat' dir='ltr'><strong>tuo,</strong></span> <span class='ocrx_word' id='word_1_21' title='bbox 373 582 543 681; x_wconf 88' lang='lat' dir='ltr'><strong>qualisne</strong></span> <span class='ocrx_word' id='word_1_22' title='bbox 568 582 759 682; x_wconf 87' lang='lat' dir='ltr'><strong>dispositio</strong></span> <span class='ocrx_word' id='word_1_23' title='bbox 773 583 812 659; x_wconf 88' lang='lat' dir='ltr'><strong>in</strong></span> <span class='ocrx_word' id='word_1_24' title='bbox 831 572 1037 680; x_wconf 83' lang='lat' dir='ltr'><strong>&#39;poenitente</strong></span> <span class='ocrx_word' id='word_1_25' title='bbox 1053 583 1196 656; x_wconf 88' lang='lat' dir='ltr'><strong>attendi</strong></span> <span class='ocrx_word' id='word_1_26' title='bbox 1214 580 1340 654; x_wconf 85' lang='lat' dir='ltr'><strong>debeat</strong></span> 
     </span>
     <span class='ocr_line' id='line_1_5' title="bbox 264 679 1428 781; baseline 0.003 -33"><span class='ocrx_word' id='word_1_27' title='bbox 264 688 306 749; x_wconf 90' lang='lat' dir='ltr'><strong>ut</strong></span> <span class='ocrx_word' id='word_1_28' title='bbox 326 681 360 752; x_wconf 90' lang='lat' dir='ltr'><strong>ei</strong></span> <span class='ocrx_word' id='word_1_29' title='bbox 376 679 556 755; x_wconf 78' lang='lat' dir='ltr'><strong>absolutio</strong></span> <span class='ocrx_word' id='word_1_30' title='bbox 573 680 803 781; x_wconf 70' lang='lat' dir='ltr'>denegetur?</span> <span class='ocrx_word' id='word_1_31' title='bbox 817 707 908 757; x_wconf 84' lang='lat' dir='ltr'><strong>num</strong></span> <span class='ocrx_word' id='word_1_32' title='bbox 932 681 1163 779; x_wconf 78' lang='lat' dir='ltr'><strong>indispositio</strong></span> <span class='ocrx_word' id='word_1_33' title='bbox 1183 704 1337 779; x_wconf 76' lang='lat' dir='ltr'><strong>praesens</strong></span> <span class='ocrx_word' id='word_1_34' title='bbox 1427 719 1428 722; x_wconf 35' lang='lat'>¹</span> 
     </span>
     <span class='ocr_line' id='line_1_6' title="bbox 265 776 1428 880; baseline 0.003 -35"><span class='ocrx_word' id='word_1_35' title='bbox 265 776 1340 880; x_wconf 73' lang='lat' dir='ltr'><strong>siveactualts‚relfuturaseuiuterpretatira‚seilieetquod,</strong></span> <span class='ocrx_word' id='word_1_36' title='bbox 1427 809 1428 826; x_wconf 66' lang='lat'>2</span> 
     </span>
    </p>

    <p class='ocr_par' dir='ltr' id='par_1_5' title="bbox 264 873 1341 978">
     <span class='ocr_line' id='line_1_7' title="bbox 264 873 1341 978; baseline 0.004 -34"><span class='ocrx_word' id='word_1_37' title='bbox 264 875 294 945; x_wconf 87' lang='lat' dir='ltr'><strong>si</strong></span> <span class='ocrx_word' id='word_1_38' title='bbox 312 873 376 949; x_wconf 90' lang='lat' dir='ltr'><strong>ille</strong></span> <span class='ocrx_word' id='word_1_39' title='bbox 391 879 429 948; x_wconf 92' lang='lat' dir='ltr'><strong>in</strong></span> <span class='ocrx_word' id='word_1_40' title='bbox 443 878 504 950; x_wconf 90' lang='lat' dir='ltr'><strong>tali</strong></span> <span class='ocrx_word' id='word_1_41' title='bbox 519 884 710 959; x_wconf 76' lang='lat' dir='ltr'><strong>occasione</strong></span> <span class='ocrx_word' id='word_1_42' title='bbox 725 894 936 974; x_wconf 77' lang='lat' dir='ltr'><strong>poneretur,</strong></span> <span class='ocrx_word' id='word_1_43' title='bbox 952 877 1147 978; x_wconf 79' lang='lat' dir='ltr'><strong>peccaret?</strong></span> <span class='ocrx_word' id='word_1_44' title='bbox 1162 874 1239 950; x_wconf 83' lang='lat' dir='ltr'><strong>non</strong></span> <span class='ocrx_word' id='word_1_45' title='bbox 1259 878 1341 977; x_wconf 89' lang='lat' dir='ltr'><strong>qui-</strong></span> 
     </span>
    </p>

    <p class='ocr_par' dir='ltr' id='par_1_6' title="bbox 264 971 1344 1076">
     <span class='ocr_line' id='line_1_8' title="bbox 264 971 1344 1076; baseline 0.001 -32"><span class='ocrx_word' id='word_1_46' title='bbox 264 971 352 1047; x_wconf 89' lang='lat' dir='ltr'><strong>dem</strong></span> <span class='ocrx_word' id='word_1_47' title='bbox 368 975 658 1076; x_wconf 80' lang='lat' dir='ltr'><strong>interpretativa,</strong></span> <span class='ocrx_word' id='word_1_48' title='bbox 674 978 764 1063; x_wconf 66' lang='lat' dir='ltr'><strong>alias</strong></span> <span class='ocrx_word' id='word_1_49' title='bbox 785 978 935 1076; x_wconf 86' lang='lat' dir='ltr'><strong>plurimi</strong></span> <span class='ocrx_word' id='word_1_50' title='bbox 951 975 1087 1050; x_wconf 83' lang='lat' dir='ltr'><strong>absolvi</strong></span> <span class='ocrx_word' id='word_1_51' title='bbox 1101 1003 1181 1050; x_wconf 90' lang='lat' dir='ltr'><strong>non</strong></span> <span class='ocrx_word' id='word_1_52' title='bbox 1193 987 1344 1075; x_wconf 82' lang='lat' dir='ltr'><strong>possunt</strong></span> 
     </span>
    </p>

    <p class='ocr_par' dir='ltr' id='par_1_7' title="bbox 264 1071 1343 1243">
     <span class='ocr_line' id='line_1_9' title="bbox 264 1071 1343 1243; baseline 0.003 -102"><span class='ocrx_word' id='word_1_53' title='bbox 264 1072 331 1243; x_wconf 69' lang='lat' dir='ltr'><strong>¹spui</strong></span> <span class='ocrx_word' id='word_1_54' title='bbox 348 1072 409 1147; x_wconf 86' lang='lat' dir='ltr'><strong>hie</strong></span> <span class='ocrx_word' id='word_1_55' title='bbox 427 1089 464 1149; x_wconf 88' lang='lat' dir='ltr'><strong>et</strong></span> <span class='ocrx_word' id='word_1_56' title='bbox 479 1101 576 1149; x_wconf 79' lang='lat' dir='ltr'><strong>riunc</strong></span> <span class='ocrx_word' id='word_1_57' title='bbox 595 1076 641 1148; x_wconf 90' lang='lat' dir='ltr'><strong>de</strong></span> <span class='ocrx_word' id='word_1_58' title='bbox 657 1076 785 1175; x_wconf 84' lang='lat' dir='ltr'><strong>aliquo</strong></span> <span class='ocrx_word' id='word_1_59' title='bbox 804 1078 977 1175; x_wconf 64' lang='lat' dir='ltr'><strong>peccato}</strong></span> <span class='ocrx_word' id='word_1_60' title='bbox 991 1075 1097 1174; x_wconf 85' lang='lat' dir='ltr'><strong>plura</strong></span> <span class='ocrx_word' id='word_1_61' title='bbox 1114 1076 1162 1148; x_wconf 93' lang='lat' dir='ltr'><strong>de</strong></span> <span class='ocrx_word' id='word_1_62' title='bbox 1178 1071 1343 1172; x_wconf 83' lang='lat' dir='ltr'><strong>neganda</strong></span> 
     </span>
    </p>

    <p class='ocr_par' dir='ltr' id='par_1_8' title="bbox 294 1168 1343 1274">
     <span class='ocr_line' id='line_1_10' title="bbox 294 1168 1343 1274; baseline 0.002 -33"><span class='ocrx_word' id='word_1_63' title='bbox 294 1168 339 1242; x_wconf 91' lang='lat' dir='ltr'><strong>de</strong></span> <span class='ocrx_word' id='word_1_64' title='bbox 355 1198 430 1245; x_wconf 93' lang='lat' dir='ltr'><strong>non</strong></span> <span class='ocrx_word' id='word_1_65' title='bbox 456 1175 639 1272; x_wconf 84' lang='lat' dir='ltr'><strong>cogitant,</strong></span> <span class='ocrx_word' id='word_1_66' title='bbox 658 1174 744 1264; x_wconf 86' lang='lat' dir='ltr'><strong>sed,</strong></span> <span class='ocrx_word' id='word_1_67' title='bbox 764 1175 1014 1274; x_wconf 82' lang='lat' dir='ltr'><strong>persecutione</strong></span> <span class='ocrx_word' id='word_1_68' title='bbox 1036 1172 1280 1258; x_wconf 71' lang='lat' dir='ltr'><strong>adveniente,</strong></span> <span class='ocrx_word' id='word_1_69' title='bbox 1292 1170 1343 1243; x_wconf 70' lang='lat' dir='ltr'><strong>le-</strong></span> 
     </span>
    </p>

    <p class='ocr_par' dir='ltr' id='par_1_9' title="bbox 265 1267 1345 1375">
     <span class='ocr_line' id='line_1_11' title="bbox 265 1267 1345 1375; baseline 0.001 -34"><span class='ocrx_word' id='word_1_70' title='bbox 265 1267 338 1343; x_wconf 75' lang='lat' dir='ltr'><strong>citt</strong></span> <span class='ocrx_word' id='word_1_71' title='bbox 355 1268 460 1344; x_wconf 88' lang='lat' dir='ltr'><strong>illam</strong></span> <span class='ocrx_word' id='word_1_72' title='bbox 486 1274 671 1369; x_wconf 78' lang='lat' dir='ltr'><strong>negarent.</strong></span> <span class='ocrx_word' id='word_1_73' title='bbox 690 1274 786 1348; x_wconf 88' lang='lat' dir='ltr'><strong>Item</strong></span> <span class='ocrx_word' id='word_1_74' title='bbox 801 1273 926 1375; x_wconf 77' lang='lat' dir='ltr'><strong>dicere</strong></span> <span class='ocrx_word' id='word_1_75' title='bbox 939 1271 1117 1346; x_wconf 84' lang='lat' dir='ltr'><strong>debemus</strong></span> <span class='ocrx_word' id='word_1_76' title='bbox 1135 1297 1225 1344; x_wconf 87' lang='lat' dir='ltr'><strong>eum</strong></span> <span class='ocrx_word' id='word_1_77' title='bbox 1241 1268 1345 1342; x_wconf 86' lang='lat' dir='ltr'><strong>Pela·</strong></span> 
     </span>
    </p>

    <p class='ocr_par' dir='ltr' id='par_1_10' title="bbox 291 1365 1344 1466">
     <span class='ocr_line' id='line_1_12' title="bbox 291 1365 1344 1466; baseline 0 -27"><span class='ocrx_word' id='word_1_78' title='bbox 291 1370 326 1440; x_wconf 90' lang='lat' dir='ltr'><strong>io</strong></span> <span class='ocrx_word' id='word_1_79' title='bbox 349 1371 479 1466; x_wconf 76' lang='lat' dir='ltr'><strong>(cupas</strong></span> <span class='ocrx_word' id='word_1_80' title='bbox 505 1398 607 1447; x_wconf 85' lang='lat' dir='ltr'><strong>error</strong></span> <span class='ocrx_word' id='word_1_81' title='bbox 634 1371 830 1447; x_wconf 85' lang='lat' dir='ltr'><strong>damnatus</strong></span> <span class='ocrx_word' id='word_1_82' title='bbox 858 1385 912 1445; x_wconf 87' lang='lat' dir='ltr'><strong>est</strong></span> <span class='ocrx_word' id='word_1_83' title='bbox 939 1369 984 1443; x_wconf 87' lang='lat' dir='ltr'><strong>ab</strong></span> <span class='ocrx_word' id='word_1_84' title='bbox 1014 1370 1225 1463; x_wconf 77' lang='lat' dir='ltr'><strong>Ecclesia),</strong></span> <span class='ocrx_word' id='word_1_85' title='bbox 1244 1365 1344 1465; x_wconf 85' lang='lat' dir='ltr'><strong>quod</strong></span> 
     </span>
    </p>

    <p class='ocr_par' dir='ltr' id='par_1_11' title="bbox 265 1393 1344 1570">
     <span class='ocr_line' id='line_1_13' title="bbox 265 1393 1344 1570; baseline -0.003 -30"><span class='ocrx_word' id='word_1_86' title='bbox 265 1393 363 1540; x_wconf 68' lang='lat' dir='ltr'><strong>ileos</strong></span> <span class='ocrx_word' id='word_1_87' title='bbox 380 1471 416 1540; x_wconf 92' lang='lat' dir='ltr'><strong>in</strong></span> <span class='ocrx_word' id='word_1_88' title='bbox 432 1495 585 1570; x_wconf 83' lang='lat' dir='ltr'><strong>poenana-</strong></span> <span class='ocrx_word' id='word_1_89' title='bbox 602 1470 1060 1567; x_wconf 84' lang='lat' dir='ltr'><strong>peccatorum-luturorum</strong></span> <span class='ocrx_word' id='word_1_90' title='bbox 1072 1467 1216 1568; x_wconf 87' lang='lat' dir='ltr'><strong>aliquos</strong></span> <span class='ocrx_word' id='word_1_91' title='bbox 1231 1465 1344 1539; x_wconf 82' lang='lat' dir='ltr'><strong>inlan-</strong></span> 
     </span>
    </p>

    <p class='ocr_par' dir='ltr' id='par_1_12' title="bbox 258 1566 1451 2357">
     <span class='ocr_line' id='line_1_14' title="bbox 265 1566 1345 1667; baseline -0.001 -29"><span class='ocrx_word' id='word_1_92' title='bbox 265 1577 320 1638; x_wconf 84' lang='lat' dir='ltr'><strong>tes</strong></span> <span class='ocrx_word' id='word_1_93' title='bbox 337 1593 410 1638; x_wconf 86' lang='lat' dir='ltr'><strong>uon</strong></span> <span class='ocrx_word' id='word_1_94' title='bbox 427 1570 522 1641; x_wconf 85' lang='lat' dir='ltr'><strong>sinat</strong></span> <span class='ocrx_word' id='word_1_95' title='bbox 534 1566 579 1643; x_wconf 89' lang='lat' dir='ltr'><strong>ad</strong></span> <span class='ocrx_word' id='word_1_96' title='bbox 598 1571 825 1664; x_wconf 76' lang='lat' dir='ltr'><strong>baptismum</strong></span> <span class='ocrx_word' id='word_1_97' title='bbox 841 1568 1041 1667; x_wconf 79' lang='lat' dir='ltr'><strong>pervenire,</strong></span> <span class='ocrx_word' id='word_1_98' title='bbox 1052 1583 1087 1638; x_wconf 90' lang='lat' dir='ltr'><strong>et</strong></span> <span class='ocrx_word' id='word_1_99' title='bbox 1103 1567 1251 1663; x_wconf 76' lang='lat' dir='ltr'><strong>aliquos</strong></span> <span class='ocrx_word' id='word_1_100' title='bbox 1265 1566 1345 1663; x_wconf 51' lang='lat' dir='ltr'><strong>per}</strong></span> 
     </span>
     <span class='ocr_line' id='line_1_15' title="bbox 264 1662 1444 1764; baseline 0 -29"><span class='ocrx_word' id='word_1_101' title='bbox 264 1666 390 1737; x_wconf 81' lang='lat' dir='ltr'><strong>uenire</strong></span> <span class='ocrx_word' id='word_1_102' title='bbox 409 1665 493 1739; x_wconf 83' lang='lat' dir='ltr'><strong>velit</strong></span> <span class='ocrx_word' id='word_1_103' title='bbox 522 1669 558 1740; x_wconf 89' lang='lat' dir='ltr'><strong>in</strong></span> <span class='ocrx_word' id='word_1_104' title='bbox 592 1668 786 1764; x_wconf 73' lang='lat' dir='ltr'><strong>praemium</strong></span> <span class='ocrx_word' id='word_1_105' title='bbox 814 1667 1025 1748; x_wconf 87' lang='lat' dir='ltr'><strong>bonorum,</strong></span> <span class='ocrx_word' id='word_1_106' title='bbox 1048 1690 1131 1763; x_wconf 83' lang='lat' dir='ltr'><strong>quae</strong></span> <span class='ocrx_word' id='word_1_107' title='bbox 1158 1662 1345 1761; x_wconf 74' lang='lat' dir='ltr'><strong>operaturi</strong></span> <span class='ocrx_word' id='word_1_108' title='bbox 1443 1732 1444 1735; x_wconf 74' lang='grc'>,</span> 
     </span>
     <span class='ocr_line' id='line_1_16' title="bbox 265 1738 1445 1860; baseline 0.005 -27"><span class='ocrx_word' id='word_1_109' title='bbox 265 1779 386 1835; x_wconf 81' lang='lat' dir='ltr'><strong>esseut</strong></span> <span class='ocrx_word' id='word_1_110' title='bbox 412 1764 443 1835; x_wconf 89' lang='lat' dir='ltr'><strong>si</strong></span> <span class='ocrx_word' id='word_1_111' title='bbox 470 1767 650 1838; x_wconf 80' lang='lat' dir='ltr'><strong>vixissent.</strong></span> <span class='ocrx_word' id='word_1_112' title='bbox 675 1770 799 1860; x_wconf 83' lang='lat' dir='ltr'><strong>Quare</strong></span> <span class='ocrx_word' id='word_1_113' title='bbox 830 1766 980 1841; x_wconf 71' lang='lat' dir='ltr'><strong>minimis</strong></span> <span class='ocrx_word' id='word_1_114' title='bbox 997 1763 1070 1837; x_wconf 86' lang='lat' dir='ltr'><strong>dici</strong></span> <span class='ocrx_word' id='word_1_115' title='bbox 1092 1761 1227 1847; x_wconf 85' lang='lat' dir='ltr'><strong>debet,</strong></span> <span class='ocrx_word' id='word_1_116' title='bbox 1245 1759 1351 1860; x_wconf 80' lang='lat' dir='ltr'><strong>quotl</strong></span> <span class='ocrx_word' id='word_1_117' title='bbox 1444 1738 1445 1807; x_wconf 69' lang='lat' dir='ltr'><strong>l</strong></span> 
     </span>
     <span class='ocr_line' id='line_1_17' title="bbox 258 1863 1344 1964; baseline -0.002 -31"><span class='ocrx_word' id='word_1_118' title='bbox 258 1863 450 1960; x_wconf 57' lang='lat' dir='ltr'><strong>‘poenitens</strong></span> <span class='ocrx_word' id='word_1_119' title='bbox 465 1864 512 1943; x_wconf 82' lang='lat' dir='ltr'><strong>sit</strong></span> <span class='ocrx_word' id='word_1_120' title='bbox 529 1864 784 1964; x_wconf 82' lang='lat' dir='ltr'><strong>indispositus‚</strong></span> <span class='ocrx_word' id='word_1_121' title='bbox 797 1889 846 1939; x_wconf 80' lang='lat' dir='ltr'><strong>,eo</strong></span> <span class='ocrx_word' id='word_1_122' title='bbox 866 1863 968 1963; x_wconf 90' lang='lat' dir='ltr'><strong>quod</strong></span> <span class='ocrx_word' id='word_1_123' title='bbox 983 1864 1013 1936; x_wconf 87' lang='lat' dir='ltr'><strong>si</strong></span> <span class='ocrx_word' id='word_1_124' title='bbox 1031 1878 1344 1949; x_wconf 69' lang='lat' dir='ltr'><strong>moneretur-,non</strong></span> 
     </span>
     <span class='ocr_line' id='line_1_18' title="bbox 266 1954 1448 2075; baseline -0.003 -44"><span class='ocrx_word' id='word_1_125' title='bbox 266 1957 412 2058; x_wconf 71' lang='lat' dir='ltr'><strong>pareret</strong></span> <span class='ocrx_word' id='word_1_126' title='bbox 438 1960 696 2046; x_wconf 75' lang='lat' dir='ltr'><strong>confessario,</strong></span> <span class='ocrx_word' id='word_1_127' title='bbox 725 1962 789 2035; x_wconf 89' lang='lat' dir='ltr'><strong>sed</strong></span> <span class='ocrx_word' id='word_1_128' title='bbox 816 1963 918 2063; x_wconf 87' lang='lat' dir='ltr'><strong>quod</strong></span> <span class='ocrx_word' id='word_1_129' title='bbox 941 1976 1037 2036; x_wconf 83' lang='lat' dir='ltr'><strong>esset</strong></span> <span class='ocrx_word' id='word_1_130' title='bbox 1057 1954 1346 2058; x_wconf 78' lang='lat' dir='ltr'><strong>indispositus&#39;sl</strong></span> <span class='ocrx_word' id='word_1_131' title='bbox 1447 2036 1448 2075; x_wconf 29' lang='lat' dir='ltr'><strong>p</strong></span> 
     </span>
     <span class='ocr_line' id='line_1_19' title="bbox 266 2051 1449 2155; baseline -0.003 -26"><span class='ocrx_word' id='word_1_132' title='bbox 266 2070 491 2132; x_wconf 86' lang='lat' dir='ltr'><strong>muneretur.</strong></span> <span class='ocrx_word' id='word_1_133' title='bbox 511 2060 583 2134; x_wconf 85' lang='lat' dir='ltr'><strong>Sed</strong></span> <span class='ocrx_word' id='word_1_134' title='bbox 607 2060 953 2141; x_wconf 81' lang='lat' dir='ltr'><strong>Confessariusnon</strong></span> <span class='ocrx_word' id='word_1_135' title='bbox 968 2060 1080 2133; x_wconf 90' lang='lat' dir='ltr'><strong>debet</strong></span> <span class='ocrx_word' id='word_1_136' title='bbox 1094 2051 1345 2133; x_wconf 81' lang='lat' dir='ltr'><strong>attenderead</strong></span> <span class='ocrx_word' id='word_1_137' title='bbox 1448 2136 1449 2155; x_wconf 13' lang='grc' dir='ltr'>χ</span> 
     </span>
     <span class='ocr_line' id='line_1_20' title="bbox 267 2152 1450 2260; baseline -0.002 -33"><span class='ocrx_word' id='word_1_138' title='bbox 267 2152 1345 2260; x_wconf 79' lang='lat' dir='ltr'><strong>indispositioneminterpretativumquumpoenitensbabe·</strong></span> <span class='ocrx_word' id='word_1_139' title='bbox 1449 2234 1450 2259; x_wconf 23' lang='lat' dir='ltr'><strong>p</strong></span> 
     </span>
     <span class='ocr_line' id='line_1_21' title="bbox 267 2252 1451 2357; baseline -0.012 -19"><span class='ocrx_word' id='word_1_140' title='bbox 267 2268 345 2338; x_wconf 64' lang='lat' dir='ltr'><strong>rel,</strong></span> <span class='ocrx_word' id='word_1_141' title='bbox 360 2253 425 2326; x_wconf 83' lang='lat' dir='ltr'><strong>sed</strong></span> <span class='ocrx_word' id='word_1_142' title='bbox 438 2255 485 2326; x_wconf 88' lang='lat' dir='ltr'><strong>ad</strong></span> <span class='ocrx_word' id='word_1_143' title='bbox 498 2259 679 2332; x_wconf 78' lang='lat' dir='ltr'><strong>actualem</strong></span> <span class='ocrx_word' id='word_1_144' title='bbox 701 2285 811 2355; x_wconf 87' lang='lat' dir='ltr'><strong>quarn</strong></span> <span class='ocrx_word' id='word_1_145' title='bbox 832 2285 929 2331; x_wconf 84' lang='lat' dir='ltr'><strong>trono</strong></span> <span class='ocrx_word' id='word_1_146' title='bbox 949 2256 1071 2330; x_wconf 87' lang='lat' dir='ltr'><strong>habet.</strong></span> <span class='ocrx_word' id='word_1_147' title='bbox 1092 2258 1141 2329; x_wconf 88' lang='lat' dir='ltr'><strong>Et</strong></span> <span class='ocrx_word' id='word_1_148' title='bbox 1164 2252 1270 2343; x_wconf 65' lang='lat' dir='ltr'><strong>idei),</strong></span> <span class='ocrx_word' id='word_1_149' title='bbox 1295 2253 1346 2324; x_wconf 86' lang='lat' dir='ltr'><strong>si·</strong></span> <span class='ocrx_word' id='word_1_150' title='bbox 1450 2334 1451 2357; x_wconf 14' lang='grc' dir='ltr'>χ</span> 
     </span>
    </p>

    <p class='ocr_par' dir='ltr' id='par_1_13' title="bbox 248 2349 1349 2454">
     <span class='ocr_line' id='line_1_22' title="bbox 248 2349 1349 2454; baseline -0.001 -32"><span class='ocrx_word' id='word_1_151' title='bbox 248 2349 335 2427; x_wconf 78' lang='lat' dir='ltr'><strong>&#39;cist</strong></span> <span class='ocrx_word' id='word_1_152' title='bbox 359 2353 536 2428; x_wconf 87' lang='lat' dir='ltr'><strong>nonlicet</strong></span> <span class='ocrx_word' id='word_1_153' title='bbox 555 2360 763 2454; x_wconf 83' lang='lat' dir='ltr'><strong>proximum</strong></span> <span class='ocrx_word' id='word_1_154' title='bbox 779 2380 959 2453; x_wconf 86' lang='lat' dir='ltr'><strong>exponere</strong></span> <span class='ocrx_word' id='word_1_155' title='bbox 985 2356 1188 2443; x_wconf 63' lang='lat' dir='ltr'><strong>occasioni»,</strong></span> <span class='ocrx_word' id='word_1_156' title='bbox 1215 2354 1255 2424; x_wconf 92' lang='lat' dir='ltr'><strong>in</strong></span> <span class='ocrx_word' id='word_1_157' title='bbox 1277 2372 1349 2448; x_wconf 78' lang='lat' dir='ltr'><strong>qun</strong></span> 
     </span>
    </p>

    <p class='ocr_par' dir='ltr' id='par_1_14' title="bbox 269 2451 1348 2549">
     <span class='ocr_line' id='line_1_23' title="bbox 269 2451 1348 2549; baseline -0.005 -26"><span class='ocrx_word' id='word_1_158' title='bbox 269 2451 410 2549; x_wconf 84' lang='lat' dir='ltr'><strong>positus</strong></span> <span class='ocrx_word' id='word_1_159' title='bbox 430 2453 493 2528; x_wconf 89' lang='lat' dir='ltr'><strong>ille</strong></span> <span class='ocrx_word' id='word_1_160' title='bbox 510 2457 788 2546; x_wconf 78' lang='lat' dir='ltr'><strong>succumberet,</strong></span> <span class='ocrx_word' id='word_1_161' title='bbox 807 2458 854 2529; x_wconf 80' lang='lat' dir='ltr'><strong>itt</strong></span> <span class='ocrx_word' id='word_1_162' title='bbox 869 2453 1138 2538; x_wconf 77' lang='lat' dir='ltr'><strong>Confessarius,</strong></span> <span class='ocrx_word' id='word_1_163' title='bbox 1157 2474 1244 2526; x_wconf 88' lang='lat' dir='ltr'><strong>cum</strong></span> <span class='ocrx_word' id='word_1_164' title='bbox 1262 2470 1348 2547; x_wconf 71' lang='lat' dir='ltr'><strong>pre·</strong></span> 
     </span>
    </p>

    <p class='ocr_par' dir='ltr' id='par_1_15' title="bbox 270 2546 1346 2649">
     <span class='ocr_line' id='line_1_24' title="bbox 270 2546 1346 2649; baseline -0.002 -30"><span class='ocrx_word' id='word_1_165' title='bbox 270 2547 369 2621; x_wconf 82' lang='lat' dir='ltr'><strong>videt</strong></span> <span class='ocrx_word' id='word_1_166' title='bbox 387 2574 431 2622; x_wconf 81' lang='lat' dir='ltr'><strong>ex</strong></span> <span class='ocrx_word' id='word_1_167' title='bbox 448 2554 651 2629; x_wconf 87' lang='lat' dir='ltr'><strong>monitione</strong></span> <span class='ocrx_word' id='word_1_168' title='bbox 673 2556 818 2628; x_wconf 89' lang='lat' dir='ltr'><strong>ruinam</strong></span> <span class='ocrx_word' id='word_1_169' title='bbox 837 2553 1070 2649; x_wconf 71' lang='lat' dir='ltr'><strong>penitentis,</strong></span> <span class='ocrx_word' id='word_1_170' title='bbox 1085 2546 1234 2624; x_wconf 78' lang='lat' dir='ltr'><strong>tenetur</strong></span> <span class='ocrx_word' id='word_1_171' title='bbox 1247 2547 1292 2619; x_wconf 88' lang='lat' dir='ltr'><strong>ab</strong></span> <span class='ocrx_word' id='word_1_172' title='bbox 1305 2571 1346 2618; x_wconf 90' lang='lat' dir='ltr'><strong>ea</strong></span> 
     </span>
    </p>

    <p class='ocr_par' dir='ltr' id='par_1_16' title="bbox 271 2645 1347 2752">
     <span class='ocr_line' id='line_1_25' title="bbox 271 2645 1347 2752; baseline -0.003 -33"><span class='ocrx_word' id='word_1_173' title='bbox 271 2645 476 2748; x_wconf 74' lang='lat' dir='ltr'><strong>abstinere,</strong></span> <span class='ocrx_word' id='word_1_174' title='bbox 493 2668 569 2725; x_wconf 86' lang='lat' dir='ltr'><strong>esto</strong></span> <span class='ocrx_word' id='word_1_175' title='bbox 588 2656 773 2752; x_wconf 85' lang='lat' dir='ltr'><strong>poenitons</strong></span> <span class='ocrx_word' id='word_1_176' title='bbox 799 2648 1125 2751; x_wconf 77' lang='lat' dir='ltr'><strong>relinquendussit</strong></span> <span class='ocrx_word' id='word_1_177' title='bbox 1140 2648 1179 2720; x_wconf 91' lang='lat' dir='ltr'><strong>in</strong></span> <span class='ocrx_word' id='word_1_178' title='bbox 1196 2658 1347 2748; x_wconf 81' lang='lat' dir='ltr'><strong>peceato</strong></span> 
     </span>
    </p>

    <p class='ocr_par' dir='ltr' id='par_1_17' title="bbox 271 2743 1346 2851">
     <span class='ocr_line' id='line_1_26' title="bbox 271 2743 1346 2851; baseline -0.003 -34"><span class='ocrx_word' id='word_1_179' title='bbox 271 2747 468 2833; x_wconf 86' lang='lat' dir='ltr'><strong>materiali,</strong></span> <span class='ocrx_word' id='word_1_180' title='bbox 487 2775 530 2822; x_wconf 92' lang='lat' dir='ltr'><strong>eo</strong></span> <span class='ocrx_word' id='word_1_181' title='bbox 548 2750 649 2850; x_wconf 88' lang='lat' dir='ltr'><strong>quod</strong></span> <span class='ocrx_word' id='word_1_182' title='bbox 670 2777 786 2824; x_wconf 86' lang='lat' dir='ltr'><strong>unum</strong></span> <span class='ocrx_word' id='word_1_183' title='bbox 800 2766 993 2851; x_wconf 87' lang='lat' dir='ltr'><strong>peccatum</strong></span> <span class='ocrx_word' id='word_1_184' title='bbox 1011 2745 1163 2821; x_wconf 83' lang='lat' dir='ltr'><strong>formale</strong></span> <span class='ocrx_word' id='word_1_185' title='bbox 1176 2743 1346 2819; x_wconf 83' lang='lat' dir='ltr'><strong>omnibus</strong></span> 
     </span>
    </p>

    <p class='ocr_par' dir='ltr' id='par_1_18' title="bbox 274 2846 988 2948">
     <span class='ocr_line' id='line_1_27' title="bbox 274 2846 988 2948; baseline 0.007 -32"><span class='ocrx_word' id='word_1_186' title='bbox 274 2846 536 2945; x_wconf 71' lang='lat' dir='ltr'><strong>praeponderet</strong></span> <span class='ocrx_word' id='word_1_187' title='bbox 551 2848 799 2922; x_wconf 83' lang='lat' dir='ltr'><strong>materialibus</strong></span> <span class='ocrx_word' id='word_1_188' title='bbox 819 2850 988 2948; x_wconf 80' lang='lat' dir='ltr'><strong>peccatis.</strong></span> 
     </span>
    </p>

    <p class='ocr_par' dir='ltr' id='par_1_19' title="bbox 215 2940 1347 3032">
     <span class='ocr_line' id='line_1_28' title="bbox 215 2940 1347 3032; baseline -0.006 -16"><span class='ocrx_word' id='word_1_189' title='bbox 215 2979 263 3032; x_wconf 69' lang='lat'><strong>5„</strong></span> <span class='ocrx_word' id='word_1_190' title='bbox 323 2946 379 3017; x_wconf 86' lang='lat' dir='ltr'><strong>Ex</strong></span> <span class='ocrx_word' id='word_1_191' title='bbox 400 2945 455 3018; x_wconf 83' lang='lat' dir='ltr'><strong>his</strong></span> <span class='ocrx_word' id='word_1_192' title='bbox 476 2947 631 3020; x_wconf 82' lang='lat' dir='ltr'><strong>infertur</strong></span> <span class='ocrx_word' id='word_1_193' title='bbox 646 2949 674 3019; x_wconf 87' lang='lat' dir='ltr'><strong>l.</strong></span> <span class='ocrx_word' id='word_1_194' title='bbox 693 2974 778 3020; x_wconf 89' lang='lat' dir='ltr'><strong>curn</strong></span> <span class='ocrx_word' id='word_1_195' title='bbox 794 2950 844 3023; x_wconf 75' lang='lat' dir='ltr'><strong>Lu</strong></span> <span class='ocrx_word' id='word_1_196' title='bbox 871 2975 919 3019; x_wconf 87' lang='lat' dir='ltr'><strong>m.</strong></span> <span class='ocrx_word' id='word_1_197' title='bbox 936 2968 1038 3019; x_wconf 87' lang='lat' dir='ltr'><strong>num.</strong></span> <span class='ocrx_word' id='word_1_198' title='bbox 1056 2944 1090 3019; x_wconf 79' lang='grc'><strong>5.</strong></span> <span class='ocrx_word' id='word_1_199' title='bbox 1110 2942 1243 3017; x_wconf 82' lang='lat' dir='ltr'><strong>Sanelr.</strong></span> <span class='ocrx_word' id='word_1_200' title='bbox 1264 2966 1301 3013; x_wconf 85' lang='lat' dir='ltr'><strong>n.</strong></span> <span class='ocrx_word' id='word_1_201' title='bbox 1314 2940 1347 3012; x_wconf 71' lang='lat'><strong>81</strong></span> 
     </span>
    </p>

    <p class='ocr_par' dir='ltr' id='par_1_20' title="bbox 273 3039 1348 3139">
     <span class='ocr_line' id='line_1_29' title="bbox 273 3039 1348 3139; baseline -0.006 -23"><span class='ocrx_word' id='word_1_202' title='bbox 273 3045 426 3135; x_wconf 76' lang='lat' dir='ltr'><strong>Lugone</strong></span> <span class='ocrx_word' id='word_1_203' title='bbox 443 3071 480 3117; x_wconf 85' lang='lat' dir='ltr'><strong>n.</strong></span> <span class='ocrx_word' id='word_1_204' title='bbox 502 3045 561 3121; x_wconf 82' lang='lat'><strong>25.</strong></span> <span class='ocrx_word' id='word_1_205' title='bbox 577 3044 687 3120; x_wconf 87' lang='lat' dir='ltr'><strong>Salm.</strong></span> <span class='ocrx_word' id='word_1_206' title='bbox 705 3074 743 3118; x_wconf 87' lang='lat' dir='ltr'><strong>n.</strong></span> <span class='ocrx_word' id='word_1_207' title='bbox 761 3045 825 3139; x_wconf 68' lang='grc'><strong>34.</strong></span> <span class='ocrx_word' id='word_1_208' title='bbox 883 3046 988 3119; x_wconf 81' lang='lat' dir='ltr'><strong>olum.</strong></span> <span class='ocrx_word' id='word_1_209' title='bbox 1009 3071 1047 3116; x_wconf 92' lang='lat' dir='ltr'><strong>n.</strong></span> <span class='ocrx_word' id='word_1_210' title='bbox 1063 3044 1124 3117; x_wconf 88' lang='lat'><strong>60.</strong></span> <span class='ocrx_word' id='word_1_211' title='bbox 1138 3039 1256 3135; x_wconf 55' lang='lat' dir='ltr'><strong>Pales</strong></span> <span class='ocrx_word' id='word_1_212' title='bbox 1276 3048 1348 3111; x_wconf 69' lang='lat' dir='ltr'><strong>su·</strong></span> 
     </span>
    </p>

    <p class='ocr_par' dir='ltr' id='par_1_21' title="bbox 275 3140 1348 3238">
     <span class='ocr_line' id='line_1_30' title="bbox 275 3140 1348 3238; baseline -0.007 -23"><span class='ocrx_word' id='word_1_213' title='bbox 275 3165 307 3238; x_wconf 87' lang='lat'><strong>7.</strong></span> <span class='ocrx_word' id='word_1_214' title='bbox 319 3140 479 3228; x_wconf 74' lang='lat' dir='ltr'><strong>Haben,</strong></span> <span class='ocrx_word' id='word_1_215' title='bbox 494 3147 653 3217; x_wconf 74' lang='lat' dir='ltr'><strong>bntuine</strong></span> <span class='ocrx_word' id='word_1_216' title='bbox 666 3142 707 3216; x_wconf 93' lang='lat' dir='ltr'><strong>ll.</strong></span> <span class='ocrx_word' id='word_1_217' title='bbox 724 3169 779 3216; x_wconf 90' lang='lat' dir='ltr'><strong>ce.</strong></span> <span class='ocrx_word' id='word_1_218' title='bbox 795 3158 833 3214; x_wconf 89' lang='lat' dir='ltr'><strong>et</strong></span> <span class='ocrx_word' id='word_1_219' title='bbox 847 3144 927 3216; x_wconf 88' lang='lat' dir='ltr'><strong>aliis</strong></span> <span class='ocrx_word' id='word_1_220' title='bbox 939 3144 1187 3216; x_wconf 87' lang='lat' dir='ltr'><strong>communiter</strong></span> <span class='ocrx_word' id='word_1_221' title='bbox 1199 3147 1212 3227; x_wconf 86' lang='grc'>(</span> <span class='ocrx_word' id='word_1_222' title='bbox 1223 3149 1348 3212; x_wconf 77' lang='lat' dir='ltr'><strong>contra</strong></span> 
     </span>
    </p>

    <p class='ocr_par' dir='ltr' id='par_1_22' title="bbox 274 3236 1348 3343">
     <span class='ocr_line' id='line_1_31' title="bbox 274 3236 1348 3343; baseline -0.006 -33"><span class='ocrx_word' id='word_1_223' title='bbox 274 3236 494 3329; x_wconf 79' lang='lat' dir='ltr'><strong>Conoinam)</strong></span> <span class='ocrx_word' id='word_1_224' title='bbox 507 3241 621 3343; x_wconf 79' lang='lat' dir='ltr'><strong>quod,</strong></span> <span class='ocrx_word' id='word_1_225' title='bbox 640 3243 671 3315; x_wconf 86' lang='lat' dir='ltr'><strong>si</strong></span> <span class='ocrx_word' id='word_1_226' title='bbox 690 3240 932 3320; x_wconf 78' lang='lat' dir='ltr'><strong>confessarius</strong></span> <span class='ocrx_word' id='word_1_227' title='bbox 953 3239 1348 3338; x_wconf 73' lang='lat' dir='ltr'><strong>noveritrpoenitentem</strong></span> 
     </span>
    </p>

    <p class='ocr_par' dir='ltr' id='par_1_23' title="bbox 272 3330 1352 3432">
     <span class='ocr_line' id='line_1_32' title="bbox 272 3330 1352 3432; baseline -0.009 -21"><span class='ocrx_word' id='word_1_228' title='bbox 272 3337 435 3411; x_wconf 71' lang='lat' dir='ltr'><strong>invalide</strong></span> <span class='ocrx_word' id='word_1_229' title='bbox 450 3341 669 3415; x_wconf 80' lang='lat' dir='ltr'><strong>contraxisse</strong></span> <span class='ocrx_word' id='word_1_230' title='bbox 684 3339 955 3417; x_wconf 84' lang='lat' dir='ltr'><strong>Matrimonium</strong></span> <span class='ocrx_word' id='word_1_231' title='bbox 970 3338 1079 3415; x_wconf 74' lang='lat' dir='ltr'><strong>obsti</strong></span> <span class='ocrx_word' id='word_1_232' title='bbox 1105 3337 1184 3417; x_wconf 89' lang='lat' dir='ltr'><strong>uod</strong></span> <span class='ocrx_word' id='word_1_233' title='bbox 1199 3330 1352 3432; x_wconf 86' lang='lat' dir='ltr'><strong>impedi·</strong></span> 
     </span>
    </p>

    <p class='ocr_par' dir='ltr' id='par_1_24' title="bbox 272 3364 1349 3535">
     <span class='ocr_line' id='line_1_33' title="bbox 272 3364 1349 3535; baseline -0.007 -26"><span class='ocrx_word' id='word_1_234' title='bbox 272 3449 442 3527; x_wconf 86' lang='lat' dir='ltr'><strong>mentum</strong></span> <span class='ocrx_word' id='word_1_235' title='bbox 465 3439 675 3524; x_wconf 81' lang='lat' dir='ltr'><strong>oecultum,</strong></span> <span class='ocrx_word' id='word_1_236' title='bbox 697 3455 735 3512; x_wconf 86' lang='lat' dir='ltr'><strong>et</strong></span> <span class='ocrx_word' id='word_1_237' title='bbox 755 3437 960 3535; x_wconf 87' lang='lat' dir='ltr'><strong>periculum</strong></span> <span class='ocrx_word' id='word_1_238' title='bbox 983 3440 1028 3509; x_wconf 92' lang='lat' dir='ltr'><strong>sit</strong></span> <span class='ocrx_word' id='word_1_239' title='bbox 1044 3364 1226 3519; x_wconf 70' lang='lat' dir='ltr'><strong>inlrmtoe,</strong></span> <span class='ocrx_word' id='word_1_240' title='bbox 1242 3454 1349 3505; x_wconf 74' lang='lat' dir='ltr'><strong>soen·-</strong></span> 
     </span>
    </p>

    <p class='ocr_par' dir='ltr' id='par_1_25' title="bbox 276 3532 1349 3623">
     <span class='ocr_line' id='line_1_34' title="bbox 276 3532 1349 3623; baseline -0.008 -15"><span class='ocrx_word' id='word_1_241' title='bbox 276 3532 363 3623; x_wconf 84' lang='lat' dir='ltr'><strong>deli,</strong></span> <span class='ocrx_word' id='word_1_242' title='bbox 379 3548 443 3607; x_wconf 87' lang='lat' dir='ltr'><strong>aot</strong></span> <span class='ocrx_word' id='word_1_243' title='bbox 456 3536 782 3618; x_wconf 60' lang='lat' dir='ltr'><strong>incontinentem</strong></span> <span class='ocrx_word' id='word_1_244' title='bbox 797 3536 1004 3611; x_wconf 87' lang='lat' dir='ltr'><strong>nullitatem</strong></span> <span class='ocrx_word' id='word_1_245' title='bbox 1022 3534 1227 3611; x_wconf 78' lang='lat' dir='ltr'><strong>manifestet</strong></span> <span class='ocrx_word' id='word_1_246' title='bbox 1239 3559 1248 3613; x_wconf 72' lang='grc' dir='ltr'>ς</span> <span class='ocrx_word' id='word_1_247' title='bbox 1261 3546 1349 3603; x_wconf 86' lang='lat' dir='ltr'><strong>tune</strong></span> 
     </span>
    </p>

    <p class='ocr_par' dir='ltr' id='par_1_26' title="bbox 275 3627 1352 3730">
     <span class='ocr_line' id='line_1_35' title="bbox 275 3627 1352 3730; baseline -0.009 -24"><span class='ocrx_word' id='word_1_248' title='bbox 275 3631 408 3707; x_wconf 87' lang='lat' dir='ltr'><strong>debeat</strong></span> <span class='ocrx_word' id='word_1_249' title='bbox 422 3635 588 3708; x_wconf 88' lang='lat' dir='ltr'><strong>omittere</strong></span> <span class='ocrx_word' id='word_1_250' title='bbox 605 3628 869 3723; x_wconf 74' lang='lat' dir='ltr'><strong>monitionem,</strong></span> <span class='ocrx_word' id='word_1_251' title='bbox 897 3648 942 3711; x_wconf 87' lang='lat' dir='ltr'><strong>e&#39;t.</strong></span> <span class='ocrx_word' id='word_1_252' title='bbox 955 3634 1065 3711; x_wconf 80' lang='lat' dir='ltr'><strong>illum</strong></span> <span class='ocrx_word' id='word_1_253' title='bbox 1086 3634 1291 3730; x_wconf 85' lang='lat' dir='ltr'><strong>relinquere</strong></span> <span class='ocrx_word' id='word_1_254' title='bbox 1313 3627 1352 3697; x_wconf 91' lang='lat' dir='ltr'><strong>in</strong></span> 
     </span>
    </p>

    <p class='ocr_par' dir='ltr' id='par_1_27' title="bbox 226 3728 1354 3834">
     <span class='ocr_line' id='line_1_36' title="bbox 226 3728 1354 3834; baseline -0.01 -27"><span class='ocrx_word' id='word_1_255' title='bbox 226 3824 229 3831; x_wconf 69' lang='lat'><em>,</em></span> <span class='ocrx_word' id='word_1_256' title='bbox 275 3729 374 3807; x_wconf 84' lang='lat' dir='ltr'><strong>bone</strong></span> <span class='ocrx_word' id='word_1_257' title='bbox 393 3731 483 3822; x_wconf 79' lang='lat' dir='ltr'><strong>fide,</strong></span> <span class='ocrx_word' id='word_1_258' title='bbox 500 3732 619 3809; x_wconf 84' lang='lat' dir='ltr'><strong>donee</strong></span> <span class='ocrx_word' id='word_1_259' title='bbox 637 3732 846 3809; x_wconf 82' lang='lat' dir='ltr'><strong>obtineatur</strong></span> <span class='ocrx_word' id='word_1_260' title='bbox 857 3731 1079 3834; x_wconf 84' lang='lat' dir='ltr'><strong>dispensatio</strong></span> <span class='ocrx_word' id='word_1_261' title='bbox 1094 3758 1103 3810; x_wconf 83' lang='lat' dir='ltr'><strong>t</strong></span> <span class='ocrx_word' id='word_1_262' title='bbox 1122 3733 1194 3804; x_wconf 85' lang='lat' dir='ltr'><strong>nisi</strong></span> <span class='ocrx_word' id='word_1_263' title='bbox 1209 3728 1354 3823; x_wconf 77' lang='lat' dir='ltr'><strong>dispen-</strong></span> 
     </span>
    </p>

    <p class='ocr_par' dir='ltr' id='par_1_28' title="bbox 276 3821 1351 3945">
     <span class='ocr_line' id='line_1_37' title="bbox 276 3821 1351 3945; baseline -0.011 -37"><span class='ocrx_word' id='word_1_264' title='bbox 276 3835 368 3908; x_wconf 80' lang='lat' dir='ltr'><strong>satio</strong></span> <span class='ocrx_word' id='word_1_265' title='bbox 383 3832 399 3925; x_wconf 68' lang='grc' dir='ltr'><em>ζ</em></span> <span class='ocrx_word' id='word_1_266' title='bbox 408 3847 450 3906; x_wconf 88' lang='lat' dir='ltr'><strong>ut</strong></span> <span class='ocrx_word' id='word_1_267' title='bbox 462 3832 558 3906; x_wconf 74' lang='lat' dir='ltr'><strong>recte</strong></span> <span class='ocrx_word' id='word_1_268' title='bbox 573 3840 679 3927; x_wconf 73' lang='lat' dir='ltr'><strong>ajunt</strong></span> <span class='ocrx_word' id='word_1_269' title='bbox 694 3832 821 3945; x_wconf 75' lang='lat' dir='ltr'><strong>Lapm.</strong></span> <span class='ocrx_word' id='word_1_270' title='bbox 832 3830 926 3909; x_wconf 62' lang='lat' dir='ltr'><strong>ub.</strong></span> <span class='ocrx_word' id='word_1_271' title='bbox 941 3831 1020 3907; x_wconf 88' lang='lat' dir='ltr'><strong>Pal.</strong></span> <span class='ocrx_word' id='word_1_272' title='bbox 1036 3829 1198 3905; x_wconf 84' lang='lat' dir='ltr'><strong>etSalm.</strong></span> <span class='ocrx_word' id='word_1_273' title='bbox 1215 3827 1256 3898; x_wconf 91' lang='lat' dir='ltr'><strong>ll.</strong></span> <span class='ocrx_word' id='word_1_274' title='bbox 1271 3821 1351 3916; x_wconf 79' lang='lat' dir='ltr'><strong>eo.)</strong></span> 
     </span>
    </p>

    <p class='ocr_par' dir='ltr' id='par_1_29' title="bbox 278 3918 1352 4029">
     <span class='ocr_line' id='line_1_38' title="bbox 278 3918 1352 4029; baseline -0.011 -26"><span class='ocrx_word' id='word_1_275' title='bbox 278 3928 325 4003; x_wconf 89' lang='lat' dir='ltr'><strong>de</strong></span> <span class='ocrx_word' id='word_1_276' title='bbox 346 3929 464 4016; x_wconf 80' lang='lat' dir='ltr'><strong>sacili,</strong></span> <span class='ocrx_word' id='word_1_277' title='bbox 482 3945 519 4005; x_wconf 88' lang='lat' dir='ltr'><strong>et</strong></span> <span class='ocrx_word' id='word_1_278' title='bbox 536 3932 659 4009; x_wconf 83' lang='lat' dir='ltr'><strong>statim</strong></span> <span class='ocrx_word' id='word_1_279' title='bbox 680 3929 838 4005; x_wconf 80' lang='lat' dir='ltr'><strong>obtineri</strong></span> <span class='ocrx_word' id='word_1_280' title='bbox 857 3930 1036 4029; x_wconf 81' lang='lat' dir='ltr'><strong>possitnb</strong></span> <span class='ocrx_word' id='word_1_281' title='bbox 1050 3927 1211 4003; x_wconf 81' lang='lat' dir='ltr'><strong>babdute</strong></span> <span class='ocrx_word' id='word_1_282' title='bbox 1235 3918 1352 3997; x_wconf 82' lang='lat' dir='ltr'><strong>sacul-</strong></span> 
     </span>
    </p>

    <p class='ocr_par' dir='ltr' id='par_1_30' title="bbox 146 4016 1350 4130">
     <span class='ocr_line' id='line_1_39' title="bbox 146 4016 1350 4130; baseline -0.007 -30"><span class='ocrx_word' id='word_1_283' title='bbox 146 4016 154 4034; x_wconf 76' lang='grc'><strong><em>’</em></strong></span> <span class='ocrx_word' id='word_1_284' title='bbox 277 4040 413 4119; x_wconf 77' lang='lat' dir='ltr'><strong>tatem,</strong></span> <span class='ocrx_word' id='word_1_285' title='bbox 435 4045 472 4103; x_wconf 91' lang='lat' dir='ltr'><strong>et</strong></span> <span class='ocrx_word' id='word_1_286' title='bbox 489 4030 599 4109; x_wconf 75' lang='lat' dir='ltr'><strong>etiam</strong></span> <span class='ocrx_word' id='word_1_287' title='bbox 629 4027 676 4103; x_wconf 82' lang='lat' dir='ltr'><strong>ab</strong></span> <span class='ocrx_word' id='word_1_288' title='bbox 696 4030 880 4128; x_wconf 82' lang='lat' dir='ltr'><strong>Episcopo</strong></span> <span class='ocrx_word' id='word_1_289' title='bbox 905 4030 920 4126; x_wconf 94' lang='lat'>(</span> <span class='ocrx_word' id='word_1_290' title='bbox 933 4026 1030 4103; x_wconf 71' lang='lat' dir='ltr'><strong>reete</strong></span> <span class='ocrx_word' id='word_1_291' title='bbox 1051 4025 1150 4130; x_wconf 24' lang='lat' dir='ltr'><strong>‘dicit</strong></span> <span class='ocrx_word' id='word_1_292' title='bbox 1177 4019 1350 4117; x_wconf 77' lang='lat' dir='ltr'><strong>Peleus),</strong></span> 
     </span>
    </p>

    <p class='ocr_par' dir='ltr' id='par_1_31' title="bbox 279 4120 1354 4232">
     <span class='ocr_line' id='line_1_40' title="bbox 279 4120 1354 4232; baseline -0.006 -32"><span class='ocrx_word' id='word_1_293' title='bbox 279 4141 322 4200; x_wconf 89' lang='lat' dir='ltr'><strong>ut</strong></span> <span class='ocrx_word' id='word_1_294' title='bbox 335 4123 511 4206; x_wconf 84' lang='lat' dir='ltr'><strong>liberetur</strong></span> <span class='ocrx_word' id='word_1_295' title='bbox 523 4130 707 4231; x_wconf 80' lang='lat' dir='ltr'><strong>poeniteor</strong></span> <span class='ocrx_word' id='word_1_296' title='bbox 721 4133 744 4209; x_wconf 81' lang='lat' dir='ltr'><strong>it</strong></span> <span class='ocrx_word' id='word_1_297' title='bbox 756 4142 906 4232; x_wconf 85' lang='lat' dir='ltr'><strong>peooato</strong></span> <span class='ocrx_word' id='word_1_298' title='bbox 918 4124 1110 4207; x_wconf 77' lang='lat' dir='ltr'><strong>materiali.</strong></span> <span class='ocrx_word' id='word_1_299' title='bbox 1127 4123 1223 4203; x_wconf 87' lang='lat' dir='ltr'><strong>Vide</strong></span> <span class='ocrx_word' id='word_1_300' title='bbox 1234 4120 1354 4217; x_wconf 76' lang='lat' dir='ltr'><strong>dioen-</strong></span> 
     </span>
    </p>
   </div>
   <div class='ocr_carea' id='block_1_3' title="bbox 0 0 1479 4709">
    <p class='ocr_par' dir='ltr' id='par_1_32' title="bbox 0 0 1479 4709">
     <span class='ocr_line' id='line_1_41' title="bbox 0 0 1479 4709; baseline 0 0"><span class='ocrx_word' id='word_1_301' title='bbox 0 0 1479 4709; x_wconf 95' lang='lat' dir='ltr'><strong> </strong></span> 
     </span>
    </p>
   </div>
  </div>
 </body>
</html>
