2917 4709
244 196 326 291 Gap.
338 154 395 265 ill.
413 140 591 289 Appendir
606 198 645 265 de
658 195 865 266 confessario
880 195 1136 266 sollicitantibus.
1182 196 1249 277 2⁰5

154 320 264 382 ratur
278 309 325 382 ad
340 311 375 383 S.
387 309 519 384 Sedena
538 336 603 409 pru
620 327 830 410 opportuno
847 312 1021 398 remedio,
1043 328 1079 383 et
1098 312 1247 385 interim

153 432 237 480 non
265 404 484 483 absolvatur.
510 410 605 483 Dicit
632 423 752 481 autem
779 412 969 501 Mazzotta,
994 408 1193 510 aliquando
1209 409 1246 483 S.

152 506 292 579 Sedem
314 510 353 579 in
371 532 455 581 casu
478 534 619 607 magnae
639 507 870 581 verecundiae
895 524 931 581 et
956 509 1078 608 panici
1102 509 1245 580 timoris
1291 574 1310 597 ,

146 604 404 705 rescripsisse,
424 605 547 679 dando
561 608 771 679 facultatem
784 606 1011 680 confessario
1031 603 1244 679 absolvendi

150 726 226 802 pro
247 730 288 777 ea
309 707 383 778 rice
402 706 639 806 poenitentem
660 708 749 779 eitra
765 730 858 779 onus
879 704 1139 780 denunciandi.

204 804 332 896 Quaer.
353 804 416 878 Vl.
437 809 494 877 An
512 805 645 877 mulier
660 818 829 878 teneatur
848 805 1072 880 denunciare
1090 802 1307 896 Censes-500

148 906 296 973 sarium
321 901 606 994 sollicitantem,
633 905 692 977 cui
721 905 799 1004 ipsa
827 903 1034 977 consentit?
1057 900 1247 999 Negdrunt

150 999 263 1072 Suar.
290 1001 449 1098 Megala,
474 1001 593 1075 etalii
618 1000 715 1101 apud
741 1000 855 1075 Salm.
886 1026 925 1074 n.
951 1003 998 1076 65
1025 1002 1110 1101 quia
1134 1025 1246 1073 nemo

151 1096 314 1197 obligari
337 1114 454 1197 potest
474 1100 521 1174 ad
545 1126 654 1173 suum
682 1103 823 1173 crimen
854 1099 1186 1183 manifestandum,
1204 1112 1249 1170 ut

150 1195 292 1270 dicunt
310 1198 422 1271 Salm.
442 1226 475 1272 c.
498 1200 577 1272 311.
605 1202 668 1294 rori
691 1224 778 1271 cnm
800 1202 904 1271 Suar.
924 1200 1037 1297 Gajet.
1063 1195 1185 1270 Trull.
1200 1208 1248 1268 *et

149 1294 298 1388 Diana3
316 1322 359 1370 ex
373 1297 509 1395 Regula
529 1299 617 1394 juris
629 1300 667 1370 in
683 1325 724 1371 ca
756 1354 764 1371 .
780 1298 880 1392 Quid
893 1294 1091 1397 aliquandb
1107 1295 1153 1368 de
1166 1320 1248 1394 poe·

148 1395 223 1468 nit.
248 1397 293 1469 D.
316 1424 328 1469 t
353 1395 418 1473 ubi
436 1396 571 1483 dicitnr
587 1396 688 1494 (Noa
705 1326 807 1486 ‘diem
827 1413 863 1469 ut
886 1412 921 1467 te
934 1396 1095 1493 prodas.)
1108 1392 1248 1492 Nequit

150 1507 284 1566 autem
296 1496 378 1594 quis
391 1484 620 1607 moifffestare
635 1493 873 1593 complicem,
889 1497 980 1594 quin
992 1495 1153 1592 seipsum
1168 1518 1249 1591 pro·

151 1588 221 1663 dat
237 1616 247 1682 3
274 1608 310 1664 et
328 1590 411 1665 ideo
429 1576 534 1692 diunt
550 1592 661 1665 Salm.
681 1592 773 1665 ibid.
796 1620 871 1666 non
889 1619 966 1666 esse
985 1592 1247 1690 obligationem

149 1686 410 1766 denunciandi
429 1694 571 1765 socium
593 1691 819 1776 haereticum.
845 1690 954 1765 Recte
979 1690 1064 1762 verb
1091 1689 1247 1772 dicunt,

150 1787 355 1861 mulierem
372 1790 467 1863 hanc
481 1790 599 1863 teneri
616 1789 663 1861 ad
681 1790 1006 1862 denunciationem
1021 1786 1131 1861 Salm.
1147 1813 1183 1858 n.
1198 1786 1249 1861 66

152 1913 247 1960 oum
260 1888 353 1960 Bon.
371 1887 646 1986 TrullPeyrin.
667 1902 702 1962 et
715 1887 794 1960 aliis
810 1887 978 1985 plurimis
994 1916 1003 1957 ε
1022 1886 1167 1983 hocque
1185 1885 1249 1965 bo,-

152 1982 219 2058 dib
241 1985 434 2061 delinitum
449 2001 502 2060 est
524 2013 546 2058 a
564 1986 610 2060 N.
628 1982 686 2060 SS.
705 1985 843 2060 Bened.
861 1985 959 2059 XIV.
979 1987 1018 2059 in
1040 1986 1101 2056 cit.
1117 1981 1246 2073 Bulla,

152 2084 442 2174 Sacramentum,
458 2084 645 2186 ubipraeci
676 2086 749 2157 itur
762 2086 838 2157 fieri
856 2083 1114 2171 denunciatio,
1129 2082 1263 2153 etiem-¹
1365 2142 1376 2151 .

152 2182 382 2279 sipontinis·
395 2183 619 2256 consenserit.
638 2113 740 2255 datio
759 2198 833 2270 est,
857 2186 943 2283 quia
963 2180 1096 2255 mulier
1114 2184 1152 2252 in
1175 2179 1247 2253 boc

156 2306 246 2352 casn
265 2284 354 2355 eitrb
373 2282 582 2383 pericnlum
597 2307 671 2356 suae
685 2282 790 2357 famae
808 2297 927 2379 potest
941 2281 1162 2354 denunciare
1174 2277 1248 2351 sol-

154 2376 385 2468 licitantem,
404 2384 493 2482 quiu
512 2381 669 2481 seipsant
690 2380 1024 2471 manifestet,‘dum
1042 2380 1120 2478 ipsa
1135 2379 1247 2450 etiam

155 2478 380 2591 interrogata
437 2493 532 2554 otest
559 2504 691 2579 negare
721 2478 913 2579 proprium
939 2503 1182 2562 consensum,
1210 2491 1247 2548 et

155 2574 346 2673 quidquid
367 2507 454 2651 indie
481 2594 649 2653 secutum
668 2578 797 2660 luerit,
818 2592 858 2649 ut
884 2575 1043 2650 habetur
1060 2601 1104 2648 er
1132 2576 1242 2648 Decr.

159 2673 199 2744 S.
218 2674 388 2769 Inquisit.
413 2704 430 2745 a
460 2665 510 2747 ud
526 2677 665 2749 Piston.
682 2703 718 2747 n.
740 2673 812 2773 694
835 2674 933 2767 edito
960 2700 1002 2772 27
1026 2677 1122 2774 Sept.
1154 2673 1244 2770 1723

189 2796 236 2844 uo
257 2770 399 2869 dictum
425 2703 517 2845 lilii:
534 2771 578 2845 Si
591 2772 713 2845 mulier
731 2774 906 2860 consentit
922 2771 1152 2857 Confiessario
1170 2772 1246 2843 sol·

147 2795 337 2960 detranat,
362 2892 434 2942 rton
459 2882 595 2942 tenetur
622 2894 721 2941 suum
758 2885 967 2943 consensum
993 2867 1219 2958 manfiestare
1231 2894 1246 2955 ,·

157 2991 228 3038 neo
239 2984 361 3064 potest
370 2994 477 3057 super
486 2966 555 3041 hoe
572 2966 618 3039 ab
631 2968 808 3066 Episcopo
821 2969 1033 3066 interrogari.

207 3067 333 3160 Qnaer.
352 3067 433 3141 VII.
449 3068 507 3139 An
524 3081 690 3140 teneatur
705 3068 886 3165 poenitens
903 3065 1126 3139 denunciare
1142 3065 1304 3166 solli-702

155 3167 355 3250 citantem,
379 3168 409 3239 si
435 3192 500 3265 per
522 3165 787 3240 correctionem
810 3165 857 3236 sit
879 3165 1026 3239 moralis
1053 3190 1135 3262 spes
1163 3172 1244 3264 ejus

156 3264 425 3337 emendationis
440 3265 456 3335 i
470 3265 594 3336 Prima
608 3266 788 3337 sententia
802 3288 847 3335 ne
874 3279 931 3351 at,
951 3278 985 3337 et
1006 3263 1102 3338 hano
1121 3263 1247 3338 docuit

158 3365 195 3436 S.
214 3363 285 3437 Th.
300 3389 333 3435 2.
350 3389 372 3434 a
414 3419 420 3436 .
442 3361 488 3437 33
505 3378 571 3435 art.
587 3389 607 3460 7
623 3361 686 3435 ubi
703 3362 818 3435 dixit:
840 3288 881 3432 ii
891 3360 1246 3462 hereticusbriaott'm

90 3542 105 3553 ,
158 3460 323 3533 homenes
340 3462 363 3530 d
407 3462 449 3532 de
463 3477 777 3555 arator...oportet
790 3459 907 3533 statim
921 3463 1110 3552 procedere
1121 3460 1173 3531 od
1185 3462 1244 3530 de·

157 3558 635 3654 cruciationem...nisisortt
647 3558 773 3658 aliquis
775 3559 934 3656 firmiter
946 3561 1141 3646 estimaret,
1152 3560 1249 3672 qaod

156 3659 277 3730 statim
286 3678 353 3754 per
365 3674 532 3728 secretam
545 3658 950 3754 admonitionemposset
962 3658 1254 3753 hemorroissam·

154 3758 193 3829 ia
207 3756 382 3853 impedere.
400 3756 498 3829 Eum
515 3755 629 3837 secuti
651 3770 739 3829 sunt
758 3758 868 3842 soto,
889 3757 1028 3842 Genua,
1053 3753 1143 3831 Led.
1161 3754 1239 3827 Pal.

156 3856 281 3952 Lnga,
300 3852 391 3951 Sylr.
410 3871 480 3927 etc.
499 3853 598 3947 apud
614 3854 725 3929 Salm.
746 3882 778 3928 c.
798 3857 820 3949 4
845 3880 884 3926 n.
902 3857 962 3949 96.
986 3855 1035 3924 Et
1056 3855 1243 3949 signanter

158 3953 205 4025 de
222 3953 376 4026 crimine
393 3952 657 4026 sollicitationis
677 3954 782 4027 Hanc
798 3953 1021 4027 sententiam
1037 3951 1143 4023 tutati
1157 3968 1246 4035 sunt

158 4051 189 4126 F
192 4051 325 4150 agend.
346 4053 492 4153 Peyrin.
509 4048 621 4127 etalii
636 4051 910 4154 apudDian.R.
927 4077 962 4125 a.
980 4052 1107 4125 Vnam
1123 4076 1244 4125 secur-
